<?xml version="1.0" encoding="UTF-8"?>
<!DOCTYPE html PUBLIC "-//W3C//DTD XHTML 1.0 Transitional//EN"
    "http://www.w3.org/TR/xhtml1/DTD/xhtml1-transitional.dtd">
<html xmlns="http://www.w3.org/1999/xhtml" xml:lang="en" lang="en">
 <head>
  <title>
</title>
<meta http-equiv="Content-Type" content="text/html;charset=utf-8" />
  <meta name='ocr-system' content='tesseract 3.04.00' />
  <meta name='ocr-capabilities' content='ocr_page ocr_carea ocr_par ocr_line ocrx_word'/>
</head>
<body>
  <div class='ocr_page' id='page_1' title='image "./devitaetelocuti00lagegoog_0035.png"; bbox 0 0 3264 5332; ppageno 0'>
   <div class='ocr_carea' id='block_1_1' title="bbox 230 453 989 526">
    <p class='ocr_par' dir='ltr' id='par_1_1' title="bbox 230 453 989 526">
     <span class='ocr_line' id='line_1_1' title="bbox 230 453 989 526; baseline -0.013 -8"><span class='ocrx_word' id='word_1_1' title='bbox 230 453 268 508; x_wconf 66' lang='lat'><strong>28</strong></span> <span class='ocrx_word' id='word_1_2' title='bbox 718 454 744 509; x_wconf 91' lang='lat' dir='ltr'><strong>J.</strong></span> <span class='ocrx_word' id='word_1_3' title='bbox 767 453 798 508; x_wconf 93' lang='lat' dir='ltr'><strong>P.</strong></span> <span class='ocrx_word' id='word_1_4' title='bbox 822 453 989 526; x_wconf 82' lang='lat' dir='ltr'><strong>Lugergreu.</strong></span> 
     </span>
    </p>
   </div>
   <div class='ocr_carea' id='block_1_2' title="bbox 221 617 1493 3938">
    <p class='ocr_par' dir='ltr' id='par_1_2' title="bbox 224 617 1493 3007">
     <span class='ocr_line' id='line_1_2' title="bbox 228 617 1481 708; baseline -0.003 -23"><span class='ocrx_word' id='word_1_5' title='bbox 228 635 345 705; x_wconf 89' lang='lat' dir='ltr'><strong>gratum</strong></span> <span class='ocrx_word' id='word_1_6' title='bbox 369 645 427 688; x_wconf 89' lang='lat' dir='ltr'><strong>non</strong></span> <span class='ocrx_word' id='word_1_7' title='bbox 450 626 538 690; x_wconf 90' lang='lat' dir='ltr'><strong>debet</strong></span> <span class='ocrx_word' id='word_1_8' title='bbox 560 645 625 688; x_wconf 89' lang='lat' dir='ltr'><strong>esse</strong></span> <span class='ocrx_word' id='word_1_9' title='bbox 648 626 764 702; x_wconf 91' lang='lat' dir='ltr'><strong>videre,</strong></span> <span class='ocrx_word' id='word_1_10' title='bbox 791 626 861 708; x_wconf 91' lang='lat' dir='ltr'><strong>quid</strong></span> <span class='ocrx_word' id='word_1_11' title='bbox 884 628 920 690; x_wconf 92' lang='lat' dir='ltr'><strong>de</strong></span> <span class='ocrx_word' id='word_1_12' title='bbox 941 625 1083 706; x_wconf 90' lang='lat' dir='ltr'><strong>religione</strong></span> <span class='ocrx_word' id='word_1_13' title='bbox 1097 623 1336 690; x_wconf 77' lang='lat' dir='ltr'><strong>Christianorum</strong></span> <span class='ocrx_word' id='word_1_14' title='bbox 1350 617 1481 681; x_wconf 77' lang='lat' dir='ltr'>senserit</span> 
     </span>
     <span class='ocr_line' id='line_1_3' title="bbox 229 726 1480 808; baseline -0.005 -22"><span class='ocrx_word' id='word_1_15' title='bbox 229 735 256 786; x_wconf 87' lang='lat' dir='ltr'><strong>et</strong></span> <span class='ocrx_word' id='word_1_16' title='bbox 285 726 431 808; x_wconf 91' lang='lat' dir='ltr'><strong>quomodo</strong></span> <span class='ocrx_word' id='word_1_17' title='bbox 453 727 481 788; x_wconf 93' lang='lat' dir='ltr'><strong>in</strong></span> <span class='ocrx_word' id='word_1_18' title='bbox 505 747 554 790; x_wconf 91' lang='lat' dir='ltr'><strong>eos</strong></span> <span class='ocrx_word' id='word_1_19' title='bbox 576 727 758 790; x_wconf 88' lang='lat' dir='ltr'><strong>consuluerit</strong></span> <span class='ocrx_word' id='word_1_20' title='bbox 779 727 823 790; x_wconf 92' lang='lat' dir='ltr'><strong>vir</strong></span> <span class='ocrx_word' id='word_1_21' title='bbox 846 727 1026 790; x_wconf 85' lang='lat' dir='ltr'><strong>Christianis</strong></span> <span class='ocrx_word' id='word_1_22' title='bbox 1048 726 1181 808; x_wconf 87' lang='lat' dir='ltr'><strong>quidem,</strong></span> <span class='ocrx_word' id='word_1_23' title='bbox 1206 744 1280 807; x_wconf 89' lang='lat' dir='ltr'><strong>quos</strong></span> <span class='ocrx_word' id='word_1_24' title='bbox 1302 739 1411 801; x_wconf 84' lang='lat' dir='ltr'><strong>magna</strong></span> <span class='ocrx_word' id='word_1_25' title='bbox 1428 739 1480 782; x_wconf 90' lang='lat' dir='ltr'><strong>sn-</strong></span> 
     </span>
     <span class='ocr_line' id='line_1_4' title="bbox 229 820 1480 910; baseline -0.004 -23"><span class='ocrx_word' id='word_1_26' title='bbox 229 827 403 906; x_wconf 89' lang='lat' dir='ltr'><strong>perstitione</strong></span> <span class='ocrx_word' id='word_1_27' title='bbox 427 838 531 908; x_wconf 79' lang='lat' dir='ltr'><strong>captos</strong></span> <span class='ocrx_word' id='word_1_28' title='bbox 553 848 589 890; x_wconf 89' lang='lat' dir='ltr'><strong>ee</strong></span> <span class='ocrx_word' id='word_1_29' title='bbox 616 828 731 890; x_wconf 87' lang='lat' dir='ltr'><strong>civitati</strong></span> <span class='ocrx_word' id='word_1_30' title='bbox 759 827 969 910; x_wconf 86' lang='lat' dir='ltr'><strong>majestatique</strong></span> <span class='ocrx_word' id='word_1_31' title='bbox 991 827 1121 891; x_wconf 83' lang='lat' dir='ltr'><strong>Gaesaris</strong></span> <span class='ocrx_word' id='word_1_32' title='bbox 1142 825 1324 908; x_wconf 87' lang='lat' dir='ltr'><strong>periculosos</strong></span> <span class='ocrx_word' id='word_1_33' title='bbox 1346 820 1480 884; x_wconf 88' lang='lat' dir='ltr'><strong>arbitra-</strong></span> 
     </span>
     <span class='ocr_line' id='line_1_5' title="bbox 229 921 1482 1010; baseline -0.005 -22"><span class='ocrx_word' id='word_1_34' title='bbox 229 927 329 1001; x_wconf 88' lang='lat' dir='ltr'><strong>batur,</strong></span> <span class='ocrx_word' id='word_1_35' title='bbox 357 927 511 1002; x_wconf 90' lang='lat' dir='ltr'><strong>iuimicus,</strong></span> <span class='ocrx_word' id='word_1_36' title='bbox 545 947 603 990; x_wconf 91' lang='lat' dir='ltr'><strong>non</strong></span> <span class='ocrx_word' id='word_1_37' title='bbox 632 937 732 992; x_wconf 87' lang='lat' dir='ltr'><strong>tamen</strong></span> <span class='ocrx_word' id='word_1_38' title='bbox 756 928 898 1010; x_wconf 89' lang='lat' dir='ltr'><strong>religione</strong></span> <span class='ocrx_word' id='word_1_39' title='bbox 919 930 1124 992; x_wconf 86' lang='lat' dir='ltr'><strong>Romanorum</strong></span> <span class='ocrx_word' id='word_1_40' title='bbox 1148 928 1221 990; x_wconf 85' lang='lat' dir='ltr'><strong>adeo</strong></span> <span class='ocrx_word' id='word_1_41' title='bbox 1244 921 1404 988; x_wconf 88' lang='lat' dir='ltr'><strong>obstrietus</strong></span> <span class='ocrx_word' id='word_1_42' title='bbox 1427 929 1482 984; x_wconf 86' lang='lat' dir='ltr'><strong>aut</strong></span> 
     </span>
     <span class='ocr_line' id='line_1_6' title="bbox 229 1028 1480 1111; baseline -0.004 -24"><span class='ocrx_word' id='word_1_43' title='bbox 229 1037 410 1108; x_wconf 88' lang='lat' dir='ltr'><strong>occupatus,</strong></span> <span class='ocrx_word' id='word_1_44' title='bbox 443 1037 476 1091; x_wconf 90' lang='lat' dir='ltr'><strong>ut</strong></span> <span class='ocrx_word' id='word_1_45' title='bbox 497 1029 597 1110; x_wconf 90' lang='lat' dir='ltr'><strong>iniquo</strong></span> <span class='ocrx_word' id='word_1_46' title='bbox 619 1029 787 1111; x_wconf 82' lang='lat' dir='ltr'><strong>infestoque</strong></span> <span class='ocrx_word' id='word_1_47' title='bbox 810 1030 876 1092; x_wconf 91' lang='lat' dir='ltr'><strong>odio</strong></span> <span class='ocrx_word' id='word_1_48' title='bbox 900 1030 950 1092; x_wconf 89' lang='lat' dir='ltr'><strong>alii</strong></span> <span class='ocrx_word' id='word_1_49' title='bbox 972 1029 1107 1109; x_wconf 80' lang='lat' dir='ltr'>religioni</span> <span class='ocrx_word' id='word_1_50' title='bbox 1129 1028 1265 1091; x_wconf 84' lang='lat' dir='ltr'><strong>addictos</strong></span> <span class='ocrx_word' id='word_1_51' title='bbox 1286 1041 1480 1107; x_wconf 86' lang='lat' dir='ltr'><strong>persequere-</strong></span> 
     </span>
     <span class='ocr_line' id='line_1_7' title="bbox 227 1121 1480 1213; baseline -0.005 -23"><span class='ocrx_word' id='word_1_52' title='bbox 227 1135 277 1190; x_wconf 90' lang='lat' dir='ltr'><strong>tur</strong></span> <span class='ocrx_word' id='word_1_53' title='bbox 290 1126 328 1213; x_wconf 82' lang='lat'><strong>¹).</strong></span> <span class='ocrx_word' id='word_1_54' title='bbox 372 1128 519 1212; x_wconf 79' lang='lat' dir='ltr'>Quodque</span> <span class='ocrx_word' id='word_1_55' title='bbox 542 1138 679 1192; x_wconf 87' lang='lat' dir='ltr'><strong>naturum</strong></span> <span class='ocrx_word' id='word_1_56' title='bbox 704 1130 794 1192; x_wconf 88' lang='lat' dir='ltr'><strong>lentie</strong></span> <span class='ocrx_word' id='word_1_57' title='bbox 817 1131 952 1204; x_wconf 89' lang='lat' dir='ltr'><strong>miratur,</strong></span> <span class='ocrx_word' id='word_1_58' title='bbox 973 1131 1057 1211; x_wconf 89' lang='lat' dir='ltr'><strong>cnjus</strong></span> <span class='ocrx_word' id='word_1_59' title='bbox 1079 1150 1157 1211; x_wconf 86' lang='lat' dir='ltr'><strong>eque</strong></span> <span class='ocrx_word' id='word_1_60' title='bbox 1178 1148 1230 1192; x_wconf 91' lang='lat' dir='ltr'><strong>cur</strong></span> <span class='ocrx_word' id='word_1_61' title='bbox 1252 1124 1360 1190; x_wconf 87' lang='lat' dir='ltr'><strong>”statis</strong></span> <span class='ocrx_word' id='word_1_62' title='bbox 1383 1121 1480 1186; x_wconf 87' lang='lat' dir='ltr'><strong>aneti-</strong></span> 
     </span>
     <span class='ocr_line' id='line_1_8' title="bbox 229 1224 1480 1314; baseline -0.004 -25"><span class='ocrx_word' id='word_1_63' title='bbox 229 1228 283 1292; x_wconf 91' lang='lat' dir='ltr'><strong>bus</strong></span> <span class='ocrx_word' id='word_1_64' title='bbox 312 1249 348 1292; x_wconf 89' lang='lat' dir='ltr'><strong>ee</strong></span> <span class='ocrx_word' id='word_1_65' title='bbox 370 1229 616 1292; x_wconf 82' lang='lat' dir='ltr'><strong>diminutionibus</strong></span> <span class='ocrx_word' id='word_1_66' title='bbox 638 1239 754 1294; x_wconf 85' lang='lat' dir='ltr'><strong>crescat</strong></span> <span class='ocrx_word' id='word_1_67' title='bbox 774 1232 1004 1314; x_wconf 87' lang='lat' dir='ltr'><strong>decrescetqne”</strong></span> <span class='ocrx_word' id='word_1_68' title='bbox 1026 1231 1107 1294; x_wconf 89' lang='lat' dir='ltr'><strong>nulla</strong></span> <span class='ocrx_word' id='word_1_69' title='bbox 1128 1229 1245 1293; x_wconf 86' lang='lat' dir='ltr'><strong>ratione</strong></span> <span class='ocrx_word' id='word_1_70' title='bbox 1266 1233 1367 1309; x_wconf 85' lang='lat' dir='ltr'><strong>potest</strong></span> <span class='ocrx_word' id='word_1_71' title='bbox 1387 1224 1480 1286; x_wconf 86' lang='lat' dir='ltr'><strong>intel-</strong></span> 
     </span>
     <span class='ocr_line' id='line_1_9' title="bbox 228 1327 1481 1413; baseline 0.001 -24"><span class='ocrx_word' id='word_1_72' title='bbox 228 1330 326 1409; x_wconf 78' lang='lat' dir='ltr'><strong>ligere,</strong></span> <span class='ocrx_word' id='word_1_73' title='bbox 348 1331 399 1391; x_wconf 93' lang='lat' dir='ltr'><strong>sed</strong></span> <span class='ocrx_word' id='word_1_74' title='bbox 422 1331 460 1392; x_wconf 83' lang='lat' dir='ltr'><strong>ab</strong></span> <span class='ocrx_word' id='word_1_75' title='bbox 482 1330 590 1406; x_wconf 86' lang='lat' dir='ltr'><strong>emico,</strong></span> <span class='ocrx_word' id='word_1_76' title='bbox 613 1351 698 1412; x_wconf 91' lang='lat' dir='ltr'><strong>quem</strong></span> <span class='ocrx_word' id='word_1_77' title='bbox 721 1331 909 1413; x_wconf 88' lang='lat' dir='ltr'><strong>physicorum</strong></span> <span class='ocrx_word' id='word_1_78' title='bbox 931 1331 1053 1413; x_wconf 80' lang='lat' dir='ltr'><strong>putavit</strong></span> <span class='ocrx_word' id='word_1_79' title='bbox 1073 1331 1258 1413; x_wconf 81' lang='lat' dir='ltr'><strong>peritiorem,</strong></span> <span class='ocrx_word' id='word_1_80' title='bbox 1280 1327 1394 1410; x_wconf 84' lang='lat' dir='ltr'><strong>qnoerit,</strong></span> <span class='ocrx_word' id='word_1_81' title='bbox 1415 1345 1481 1407; x_wconf 71' lang='lat' dir='ltr'><strong>qum</strong></span> 
     </span>
     <span class='ocr_line' id='line_1_10' title="bbox 228 1429 1480 1514; baseline -0.003 -22"><span class='ocrx_word' id='word_1_82' title='bbox 228 1450 324 1492; x_wconf 86' lang='lat' dir='ltr'><strong>causes</strong></span> <span class='ocrx_word' id='word_1_83' title='bbox 346 1430 482 1494; x_wconf 86' lang='lat' dir='ltr'><strong>&#39;’tantnm</strong></span> <span class='ocrx_word' id='word_1_84' title='bbox 505 1431 678 1495; x_wconf 81' lang='lat' dir='ltr'><strong>miraculum</strong></span> <span class='ocrx_word' id='word_1_85' title='bbox 701 1432 863 1508; x_wconf 85' lang='lat' dir='ltr'><strong>efficiant&#39;&#39;,</strong></span> <span class='ocrx_word' id='word_1_86' title='bbox 885 1433 914 1495; x_wconf 92' lang='lat' dir='ltr'><strong>id</strong></span> <span class='ocrx_word' id='word_1_87' title='bbox 937 1433 1083 1508; x_wconf 82' lang='lat' dir='ltr'><strong>ostendit,</strong></span> <span class='ocrx_word' id='word_1_88' title='bbox 1116 1450 1205 1514; x_wconf 84' lang='lat' dir='ltr'><strong>quarn</strong></span> <span class='ocrx_word' id='word_1_89' title='bbox 1234 1429 1307 1493; x_wconf 91' lang='lat' dir='ltr'><strong>nihil</strong></span> <span class='ocrx_word' id='word_1_90' title='bbox 1329 1429 1359 1490; x_wconf 91' lang='lat' dir='ltr'><strong>in</strong></span> <span class='ocrx_word' id='word_1_91' title='bbox 1382 1445 1480 1490; x_wconf 88' lang='lat' dir='ltr'><strong>rernm</strong></span> 
     </span>
     <span class='ocr_line' id='line_1_11' title="bbox 228 1528 1480 1614; baseline -0.003 -22"><span class='ocrx_word' id='word_1_92' title='bbox 228 1541 342 1594; x_wconf 83' lang='lat' dir='ltr'><strong>naturae</strong></span> <span class='ocrx_word' id='word_1_93' title='bbox 370 1531 536 1612; x_wconf 80' lang='lat' dir='ltr'><strong>cognitione</strong></span> <span class='ocrx_word' id='word_1_94' title='bbox 565 1532 615 1594; x_wconf 93' lang='lat' dir='ltr'><strong>illo</strong></span> <span class='ocrx_word' id='word_1_95' title='bbox 645 1542 777 1613; x_wconf 89' lang='lat' dir='ltr'><strong>ternpore</strong></span> <span class='ocrx_word' id='word_1_96' title='bbox 801 1533 914 1596; x_wconf 87' lang='lat' dir='ltr'><strong>luerint</strong></span> <span class='ocrx_word' id='word_1_97' title='bbox 936 1532 1102 1614; x_wconf 76' lang='lat' dir='ltr'><strong>versati2).</strong></span> <span class='ocrx_word' id='word_1_98' title='bbox 1145 1532 1192 1594; x_wconf 92' lang='lat' dir='ltr'><strong>Ne</strong></span> <span class='ocrx_word' id='word_1_99' title='bbox 1215 1528 1392 1612; x_wconf 79' lang='lat' dir='ltr'><strong>ecquidem</strong></span> <span class='ocrx_word' id='word_1_100' title='bbox 1414 1546 1480 1589; x_wconf 91' lang='lat' dir='ltr'><strong>orn·</strong></span> 
     </span>
     <span class='ocr_line' id='line_1_12' title="bbox 228 1629 1479 1714; baseline -0.003 -21"><span class='ocrx_word' id='word_1_101' title='bbox 228 1633 298 1694; x_wconf 89' lang='lat' dir='ltr'><strong>nino</strong></span> <span class='ocrx_word' id='word_1_102' title='bbox 330 1633 507 1714; x_wconf 87' lang='lat' dir='ltr'><strong>negligenda</strong></span> <span class='ocrx_word' id='word_1_103' title='bbox 538 1644 610 1697; x_wconf 89' lang='lat' dir='ltr'><strong>suut</strong></span> <span class='ocrx_word' id='word_1_104' title='bbox 642 1641 672 1695; x_wconf 90' lang='lat' dir='ltr'><strong>et</strong></span> <span class='ocrx_word' id='word_1_105' title='bbox 704 1652 756 1714; x_wconf 91' lang='lat' dir='ltr'><strong>pro</strong></span> <span class='ocrx_word' id='word_1_106' title='bbox 780 1633 871 1696; x_wconf 87' lang='lat' dir='ltr'><strong>nihilo</strong></span> <span class='ocrx_word' id='word_1_107' title='bbox 893 1634 1049 1708; x_wconf 84' lang='lat' dir='ltr'><strong>habenda,</strong></span> <span class='ocrx_word' id='word_1_108' title='bbox 1080 1653 1145 1714; x_wconf 85' lang='lat' dir='ltr'><strong>quse</strong></span> <span class='ocrx_word' id='word_1_109' title='bbox 1169 1633 1207 1695; x_wconf 88' lang='lat' dir='ltr'><strong>ad</strong></span> <span class='ocrx_word' id='word_1_110' title='bbox 1229 1631 1307 1694; x_wconf 88' lang='lat' dir='ltr'><strong>vitas</strong></span> <span class='ocrx_word' id='word_1_111' title='bbox 1328 1629 1479 1693; x_wconf 82' lang='lat' dir='ltr'><strong>Ooesarum</strong></span> 
     </span>
     <span class='ocr_line' id='line_1_13' title="bbox 226 1729 1482 1816; baseline -0.004 -22"><span class='ocrx_word' id='word_1_112' title='bbox 226 1733 408 1814; x_wconf 89' lang='lat' dir='ltr'><strong>quorundam</strong></span> <span class='ocrx_word' id='word_1_113' title='bbox 431 1733 624 1796; x_wconf 84' lang='lat' dir='ltr'><strong>illustrandas</strong></span> <span class='ocrx_word' id='word_1_114' title='bbox 647 1754 685 1796; x_wconf 89' lang='lat' dir='ltr'><strong>ex</strong></span> <span class='ocrx_word' id='word_1_115' title='bbox 707 1735 752 1797; x_wconf 90' lang='lat' dir='ltr'><strong>his</strong></span> <span class='ocrx_word' id='word_1_116' title='bbox 775 1734 908 1815; x_wconf 87' lang='lat' dir='ltr'><strong>epistolis</strong></span> <span class='ocrx_word' id='word_1_117' title='bbox 936 1734 1032 1816; x_wconf 83' lang='lat' dir='ltr'><strong>colligi</strong></span> <span class='ocrx_word' id='word_1_118' title='bbox 1057 1742 1191 1816; x_wconf 88' lang='lat' dir='ltr'><strong>possunt.</strong></span> <span class='ocrx_word' id='word_1_119' title='bbox 1234 1732 1314 1794; x_wconf 90' lang='lat' dir='ltr'><strong>Vere</strong></span> <span class='ocrx_word' id='word_1_120' title='bbox 1341 1729 1417 1792; x_wconf 91' lang='lat' dir='ltr'><strong>enim</strong></span> <span class='ocrx_word' id='word_1_121' title='bbox 1449 1737 1482 1790; x_wconf 93' lang='lat' dir='ltr'><strong>et</strong></span> 
     </span>
     <span class='ocr_line' id='line_1_14' title="bbox 226 1829 1493 1916; baseline -0.004 -20"><span class='ocrx_word' id='word_1_122' title='bbox 226 1843 313 1897; x_wconf 85' lang='lat' dir='ltr'><strong>acute</strong></span> <span class='ocrx_word' id='word_1_123' title='bbox 346 1835 382 1895; x_wconf 94' lang='lat' dir='ltr'><strong>de</strong></span> <span class='ocrx_word' id='word_1_124' title='bbox 418 1835 550 1916; x_wconf 88' lang='lat' dir='ltr'><strong>nequitia</strong></span> <span class='ocrx_word' id='word_1_125' title='bbox 578 1843 608 1896; x_wconf 87' lang='lat' dir='ltr'><strong>et</strong></span> <span class='ocrx_word' id='word_1_126' title='bbox 630 1835 822 1915; x_wconf 86' lang='lat' dir='ltr'><strong>improbitate</strong></span> <span class='ocrx_word' id='word_1_127' title='bbox 845 1836 1011 1899; x_wconf 89' lang='lat' dir='ltr'><strong>deletorum</strong></span> <span class='ocrx_word' id='word_1_128' title='bbox 1033 1836 1089 1898; x_wconf 90' lang='lat' dir='ltr'><strong>sub</strong></span> <span class='ocrx_word' id='word_1_129' title='bbox 1111 1835 1230 1897; x_wconf 87' lang='lat' dir='ltr'><strong>Nerone</strong></span> <span class='ocrx_word' id='word_1_130' title='bbox 1253 1841 1284 1894; x_wconf 87' lang='lat' dir='ltr'><strong>et</strong></span> <span class='ocrx_word' id='word_1_131' title='bbox 1304 1829 1493 1914; x_wconf 34' lang='lat' dir='ltr'><strong>Domitianos</strong></span> 
     </span>
     <span class='ocr_line' id='line_1_15' title="bbox 226 1929 1479 2021; baseline -0.003 -25"><span class='ocrx_word' id='word_1_132' title='bbox 226 1934 387 2014; x_wconf 84' lang='lat' dir='ltr'><strong>vigentium</strong></span> <span class='ocrx_word' id='word_1_133' title='bbox 409 1933 572 2019; x_wconf 69' lang='lat' dir='ltr'><strong>suipsius)</strong></span> <span class='ocrx_word' id='word_1_134' title='bbox 595 1935 667 2021; x_wconf 90' lang='lat' dir='ltr'><strong>(sub</strong></span> <span class='ocrx_word' id='word_1_135' title='bbox 692 1936 863 1999; x_wconf 89' lang='lat' dir='ltr'><strong>Domitiano</strong></span> <span class='ocrx_word' id='word_1_136' title='bbox 885 1937 1036 2000; x_wconf 84' lang='lat' dir='ltr'><strong>Plinius</strong></span> <span class='ocrx_word' id='word_1_137' title='bbox 1027 1955 1091 2018; x_wconf 85' lang='lat' dir='ltr'><strong>rpse</strong></span> <span class='ocrx_word' id='word_1_138' title='bbox 1114 1937 1232 1999; x_wconf 86' lang='lat' dir='ltr'><strong>delatus</strong></span> <span class='ocrx_word' id='word_1_139' title='bbox 1254 1940 1331 2008; x_wconf 89' lang='lat' dir='ltr'><strong>erat,</strong></span> <span class='ocrx_word' id='word_1_140' title='bbox 1358 1929 1442 1994; x_wconf 91' lang='lat' dir='ltr'><strong>sed</strong></span> <span class='ocrx_word' id='word_1_141' title='bbox 1428 1949 1479 2010; x_wconf 83' lang='lat' dir='ltr'><strong>Ju-</strong></span> 
     </span>
     <span class='ocr_line' id='line_1_16' title="bbox 226 2035 1479 2121; baseline -0.005 -23"><span class='ocrx_word' id='word_1_142' title='bbox 226 2035 333 2098; x_wconf 85' lang='lat' dir='ltr'><strong>dicium</strong></span> <span class='ocrx_word' id='word_1_143' title='bbox 357 2036 421 2116; x_wconf 91' lang='lat' dir='ltr'><strong>ejns</strong></span> <span class='ocrx_word' id='word_1_144' title='bbox 444 2056 523 2098; x_wconf 90' lang='lat' dir='ltr'><strong>mors</strong></span> <span class='ocrx_word' id='word_1_145' title='bbox 543 2036 712 2098; x_wconf 88' lang='lat' dir='ltr'><strong>Domitiani</strong></span> <span class='ocrx_word' id='word_1_146' title='bbox 733 2038 879 2117; x_wconf 79' lang='lat' dir='ltr'><strong>praevenit</strong></span> <span class='ocrx_word' id='word_1_147' title='bbox 886 2038 931 2121; x_wconf 77' lang='lat'><strong>⁴),</strong></span> <span class='ocrx_word' id='word_1_148' title='bbox 954 2046 1025 2119; x_wconf 89' lang='lat' dir='ltr'><strong>apte</strong></span> <span class='ocrx_word' id='word_1_149' title='bbox 1044 2035 1204 2111; x_wconf 83' lang='lat' dir='ltr'><strong>indicavit,</strong></span> <span class='ocrx_word' id='word_1_150' title='bbox 1236 2043 1351 2117; x_wconf 84' lang='lat' dir='ltr'><strong>quanta</strong></span> <span class='ocrx_word' id='word_1_151' title='bbox 1372 2050 1479 2114; x_wconf 86' lang='lat' dir='ltr'><strong>quam·</strong></span> 
     </span>
     <span class='ocr_line' id='line_1_17' title="bbox 225 2132 1480 2223; baseline -0.006 -24"><span class='ocrx_word' id='word_1_152' title='bbox 225 2157 281 2218; x_wconf 91' lang='lat' dir='ltr'><strong>que</strong></span> <span class='ocrx_word' id='word_1_153' title='bbox 312 2138 471 2219; x_wconf 80' lang='lat' dir='ltr'><strong>repentine</strong></span> <span class='ocrx_word' id='word_1_154' title='bbox 502 2138 587 2199; x_wconf 89' lang='lat' dir='ltr'><strong>lieret</strong></span> <span class='ocrx_word' id='word_1_155' title='bbox 613 2156 711 2200; x_wconf 89' lang='lat' dir='ltr'><strong>rerum</strong></span> <span class='ocrx_word' id='word_1_156' title='bbox 738 2139 931 2201; x_wconf 78' lang='lat' dir='ltr'><strong>commutatio</strong></span> <span class='ocrx_word' id='word_1_157' title='bbox 944 2135 1005 2223; x_wconf 67' lang='grc'><strong>6)</strong></span> <span class='ocrx_word' id='word_1_158' title='bbox 998 2138 1122 2220; x_wconf 79' lang='lat' dir='ltr'><strong>imperio</strong></span> <span class='ocrx_word' id='word_1_159' title='bbox 1144 2137 1183 2200; x_wconf 89' lang='lat' dir='ltr'><strong>ad</strong></span> <span class='ocrx_word' id='word_1_160' title='bbox 1204 2137 1340 2198; x_wconf 88' lang='lat' dir='ltr'><strong>Nervam</strong></span> <span class='ocrx_word' id='word_1_161' title='bbox 1362 2132 1480 2206; x_wconf 87' lang='lat' dir='ltr'><strong>delato,</strong></span> 
     </span>
     <span class='ocr_line' id='line_1_18' title="bbox 225 2230 1479 2321; baseline -0.004 -21"><span class='ocrx_word' id='word_1_162' title='bbox 225 2238 273 2319; x_wconf 93' lang='lat' dir='ltr'><strong>qui</strong></span> <span class='ocrx_word' id='word_1_163' title='bbox 308 2257 364 2300; x_wconf 88' lang='lat' dir='ltr'><strong>non</strong></span> <span class='ocrx_word' id='word_1_164' title='bbox 394 2238 481 2299; x_wconf 87' lang='lat' dir='ltr'><strong>modo</strong></span> <span class='ocrx_word' id='word_1_165' title='bbox 509 2237 657 2299; x_wconf 80' lang='lat' dir='ltr'><strong>delatores</strong></span> <span class='ocrx_word' id='word_1_166' title='bbox 679 2237 777 2302; x_wconf 90' lang='lat' dir='ltr'><strong>edicto</strong></span> <span class='ocrx_word' id='word_1_167' title='bbox 800 2239 932 2302; x_wconf 73' lang='lat' dir='ltr'><strong>coercuit</strong></span> <span class='ocrx_word' id='word_1_168' title='bbox 953 2240 1124 2321; x_wconf 89' lang='lat' dir='ltr'><strong>meritisque</strong></span> <span class='ocrx_word' id='word_1_169' title='bbox 1146 2235 1298 2319; x_wconf 89' lang='lat' dir='ltr'><strong>suppliciis</strong></span> <span class='ocrx_word' id='word_1_170' title='bbox 1319 2230 1479 2318; x_wconf 71' lang='lat' dir='ltr'><strong>affecitl),</strong></span> 
     </span>
     <span class='ocr_line' id='line_1_19' title="bbox 224 2334 1479 2421; baseline -0.005 -21"><span class='ocrx_word' id='word_1_171' title='bbox 224 2340 276 2400; x_wconf 91' lang='lat' dir='ltr'><strong>sed</strong></span> <span class='ocrx_word' id='word_1_172' title='bbox 300 2340 390 2401; x_wconf 84' lang='lat' dir='ltr'><strong>etiam</strong></span> <span class='ocrx_word' id='word_1_173' title='bbox 414 2338 532 2400; x_wconf 88' lang='lat' dir='ltr'><strong>exsules</strong></span> <span class='ocrx_word' id='word_1_174' title='bbox 555 2337 709 2420; x_wconf 89' lang='lat' dir='ltr'><strong>plerosque</strong></span> <span class='ocrx_word' id='word_1_175' title='bbox 730 2360 749 2401; x_wconf 91' lang='lat' dir='ltr'><strong>a</strong></span> <span class='ocrx_word' id='word_1_176' title='bbox 770 2339 944 2402; x_wconf 83' lang='lat' dir='ltr'><strong>Domitiano</strong></span> <span class='ocrx_word' id='word_1_177' title='bbox 967 2339 1078 2420; x_wconf 88' lang='lat' dir='ltr'><strong>ejectos</strong></span> <span class='ocrx_word' id='word_1_178' title='bbox 1093 2337 1275 2421; x_wconf 74' lang='lat' dir='ltr'><strong>restituit7),</strong></span> <span class='ocrx_word' id='word_1_179' title='bbox 1296 2334 1479 2416; x_wconf 80' lang='lat' dir='ltr'><strong>pauperibus</strong></span> 
     </span>
     <span class='ocr_line' id='line_1_20' title="bbox 224 2436 1480 2522; baseline -0.005 -21"><span class='ocrx_word' id='word_1_180' title='bbox 224 2439 391 2520; x_wconf 87' lang='lat' dir='ltr'><strong>assignavit</strong></span> <span class='ocrx_word' id='word_1_181' title='bbox 419 2443 562 2518; x_wconf 69' lang='lat' dir='ltr'><strong>agrosil,</strong></span> <span class='ocrx_word' id='word_1_182' title='bbox 597 2459 698 2501; x_wconf 89' lang='lat' dir='ltr'><strong>ornnes</strong></span> <span class='ocrx_word' id='word_1_183' title='bbox 732 2440 858 2522; x_wconf 88' lang='lat' dir='ltr'><strong>denique</strong></span> <span class='ocrx_word' id='word_1_184' title='bbox 891 2442 985 2504; x_wconf 89' lang='lat' dir='ltr'><strong>bonos</strong></span> <span class='ocrx_word' id='word_1_185' title='bbox 1018 2441 1098 2504; x_wconf 89' lang='lat' dir='ltr'><strong>cives</strong></span> <span class='ocrx_word' id='word_1_186' title='bbox 1131 2441 1232 2502; x_wconf 86' lang='lat' dir='ltr'><strong>favore</strong></span> <span class='ocrx_word' id='word_1_187' title='bbox 1260 2446 1291 2499; x_wconf 92' lang='lat' dir='ltr'><strong>et</strong></span> <span class='ocrx_word' id='word_1_188' title='bbox 1312 2436 1411 2516; x_wconf 86' lang='lat' dir='ltr'><strong>gretia</strong></span> <span class='ocrx_word' id='word_1_189' title='bbox 1433 2441 1480 2496; x_wconf 88' lang='lat' dir='ltr'><strong>est</strong></span> 
     </span>
     <span class='ocr_line' id='line_1_21' title="bbox 224 2534 1479 2622; baseline -0.006 -19"><span class='ocrx_word' id='word_1_190' title='bbox 224 2540 391 2620; x_wconf 89' lang='lat' dir='ltr'><strong>amplexus.</strong></span> <span class='ocrx_word' id='word_1_191' title='bbox 435 2537 588 2610; x_wconf 76' lang='lat' dir='ltr'><strong>Quantum</strong></span> <span class='ocrx_word' id='word_1_192' title='bbox 612 2549 712 2602; x_wconf 86' lang='lat' dir='ltr'><strong>autern</strong></span> <span class='ocrx_word' id='word_1_193' title='bbox 736 2541 852 2604; x_wconf 86' lang='lat' dir='ltr'><strong>Plinius</strong></span> <span class='ocrx_word' id='word_1_194' title='bbox 874 2542 1008 2622; x_wconf 90' lang='lat' dir='ltr'><strong>epistolis</strong></span> <span class='ocrx_word' id='word_1_195' title='bbox 1031 2541 1092 2604; x_wconf 87' lang='lat' dir='ltr'><strong>suis</strong></span> <span class='ocrx_word' id='word_1_196' title='bbox 1113 2540 1274 2604; x_wconf 89' lang='lat' dir='ltr'><strong>contulerit</strong></span> <span class='ocrx_word' id='word_1_197' title='bbox 1296 2538 1334 2602; x_wconf 86' lang='lat' dir='ltr'><strong>ad</strong></span> <span class='ocrx_word' id='word_1_198' title='bbox 1356 2534 1479 2614; x_wconf 83' lang='lat' dir='ltr'><strong>Trajaui</strong></span> 
     </span>
     <span class='ocr_line' id='line_1_22' title="bbox 225 2635 1479 2726; baseline -0.005 -24"><span class='ocrx_word' id='word_1_199' title='bbox 225 2649 346 2703; x_wconf 77' lang='lat' dir='ltr'><strong>atatem</strong></span> <span class='ocrx_word' id='word_1_200' title='bbox 370 2650 448 2702; x_wconf 93' lang='lat' dir='ltr'><strong>recte</strong></span> <span class='ocrx_word' id='word_1_201' title='bbox 470 2635 717 2726; x_wconf 66' lang='lat' dir='ltr'><strong>existimandam,</strong></span> <span class='ocrx_word' id='word_1_202' title='bbox 739 2641 876 2705; x_wconf 87' lang='lat' dir='ltr'><strong>omnibus</strong></span> <span class='ocrx_word' id='word_1_203' title='bbox 902 2651 947 2706; x_wconf 90' lang='lat' dir='ltr'><strong>est</strong></span> <span class='ocrx_word' id='word_1_204' title='bbox 968 2651 1082 2706; x_wconf 89' lang='lat' dir='ltr'><strong>notum.</strong></span> <span class='ocrx_word' id='word_1_205' title='bbox 1126 2642 1172 2704; x_wconf 91' lang='lat' dir='ltr'><strong>Ne</strong></span> <span class='ocrx_word' id='word_1_206' title='bbox 1200 2641 1300 2721; x_wconf 89' lang='lat' dir='ltr'><strong>plura,</strong></span> <span class='ocrx_word' id='word_1_207' title='bbox 1328 2636 1479 2716; x_wconf 82' lang='lat' dir='ltr'><strong>graviores</strong></span> 
     </span>
     <span class='ocr_line' id='line_1_23' title="bbox 224 2738 1479 2826; baseline -0.005 -23"><span class='ocrx_word' id='word_1_208' title='bbox 224 2760 338 2823; x_wconf 93' lang='lat' dir='ltr'><strong>quoque</strong></span> <span class='ocrx_word' id='word_1_209' title='bbox 371 2760 419 2804; x_wconf 92' lang='lat' dir='ltr'><strong>res</strong></span> <span class='ocrx_word' id='word_1_210' title='bbox 451 2741 584 2822; x_wconf 86' lang='lat' dir='ltr'><strong>epistolis</strong></span> <span class='ocrx_word' id='word_1_211' title='bbox 617 2742 706 2806; x_wconf 90' lang='lat' dir='ltr'><strong>Plinii</strong></span> <span class='ocrx_word' id='word_1_212' title='bbox 740 2743 939 2819; x_wconf 90' lang='lat' dir='ltr'><strong>continentur,</strong></span> <span class='ocrx_word' id='word_1_213' title='bbox 971 2761 1151 2826; x_wconf 89' lang='lat' dir='ltr'><strong>quamquam</strong></span> <span class='ocrx_word' id='word_1_214' title='bbox 1184 2738 1404 2804; x_wconf 90' lang='lat' dir='ltr'><strong>concedendum</strong></span> <span class='ocrx_word' id='word_1_215' title='bbox 1433 2744 1479 2798; x_wconf 91' lang='lat' dir='ltr'><strong>est</strong></span> 
     </span>
     <span class='ocr_line' id='line_1_24' title="bbox 224 2836 1479 2925; baseline -0.005 -21"><span class='ocrx_word' id='word_1_216' title='bbox 224 2861 289 2904; x_wconf 85' lang='lat' dir='ltr'><strong>curn</strong></span> <span class='ocrx_word' id='word_1_217' title='bbox 316 2842 479 2924; x_wconf 71' lang='lat' dir='ltr'><strong>sepissime</strong></span> <span class='ocrx_word' id='word_1_218' title='bbox 507 2842 537 2904; x_wconf 91' lang='lat' dir='ltr'><strong>in</strong></span> <span class='ocrx_word' id='word_1_219' title='bbox 567 2843 790 2924; x_wconf 83' lang='lat' dir='ltr'><strong>quaestinncuIis</strong></span> <span class='ocrx_word' id='word_1_220' title='bbox 817 2845 853 2906; x_wconf 92' lang='lat' dir='ltr'><strong>de</strong></span> <span class='ocrx_word' id='word_1_221' title='bbox 887 2845 994 2908; x_wconf 85' lang='lat' dir='ltr'><strong>litteris</strong></span> <span class='ocrx_word' id='word_1_222' title='bbox 1021 2843 1187 2924; x_wconf 86' lang='lat' dir='ltr'><strong>studiisque</strong></span> <span class='ocrx_word' id='word_1_223' title='bbox 1200 2837 1230 2925; x_wconf 75' lang='lat'><strong>⁰)</strong></span> <span class='ocrx_word' id='word_1_224' title='bbox 1253 2850 1284 2903; x_wconf 91' lang='lat' dir='ltr'><strong>et</strong></span> <span class='ocrx_word' id='word_1_225' title='bbox 1304 2837 1372 2902; x_wconf 84' lang='lat' dir='ltr'><strong>aliis</strong></span> <span class='ocrx_word' id='word_1_226' title='bbox 1397 2836 1479 2916; x_wconf 89' lang='lat' dir='ltr'><strong>ejus-</strong></span> 
     </span>
     <span class='ocr_line' id='line_1_25' title="bbox 226 2943 707 3007; baseline 0.002 -2"><span class='ocrx_word' id='word_1_227' title='bbox 226 2943 305 3005; x_wconf 91' lang='lat' dir='ltr'><strong>modi</strong></span> <span class='ocrx_word' id='word_1_228' title='bbox 327 2945 416 3007; x_wconf 90' lang='lat' dir='ltr'><strong>rebus</strong></span> <span class='ocrx_word' id='word_1_229' title='bbox 439 2943 562 3007; x_wconf 90' lang='lat' dir='ltr'><strong>minutis</strong></span> <span class='ocrx_word' id='word_1_230' title='bbox 585 2944 707 3006; x_wconf 87' lang='lat' dir='ltr'><strong>versari.</strong></span> 
     </span>
    </p>

    <p class='ocr_par' dir='ltr' id='par_1_3' title="bbox 221 3041 1479 3938">
     <span class='ocr_line' id='line_1_26' title="bbox 308 3041 1479 3127; baseline -0.003 -20"><span class='ocrx_word' id='word_1_231' title='bbox 308 3045 368 3108; x_wconf 88' lang='lat' dir='ltr'><strong>Sed</strong></span> <span class='ocrx_word' id='word_1_232' title='bbox 401 3045 490 3106; x_wconf 89' lang='lat' dir='ltr'><strong>etiam</strong></span> <span class='ocrx_word' id='word_1_233' title='bbox 522 3044 620 3127; x_wconf 85' lang='lat' dir='ltr'><strong>qualis</strong></span> <span class='ocrx_word' id='word_1_234' title='bbox 652 3045 836 3126; x_wconf 88' lang='lat' dir='ltr'><strong>temporibus</strong></span> <span class='ocrx_word' id='word_1_235' title='bbox 863 3047 1017 3111; x_wconf 80' lang='lat' dir='ltr'><strong>Ceserum</strong></span> <span class='ocrx_word' id='word_1_236' title='bbox 1048 3045 1138 3108; x_wconf 88' lang='lat' dir='ltr'><strong>luerit</strong></span> <span class='ocrx_word' id='word_1_237' title='bbox 1164 3043 1332 3107; x_wconf 86' lang='lat' dir='ltr'><strong>litterarum</strong></span> <span class='ocrx_word' id='word_1_238' title='bbox 1360 3041 1479 3105; x_wconf 89' lang='lat' dir='ltr'><strong>studio-</strong></span> 
     </span>
     <span class='ocr_line' id='line_1_27' title="bbox 224 3144 1479 3228; baseline -0.002 -20"><span class='ocrx_word' id='word_1_239' title='bbox 224 3165 346 3228; x_wconf 88' lang='lat' dir='ltr'><strong>rumque</strong></span> <span class='ocrx_word' id='word_1_240' title='bbox 375 3147 520 3221; x_wconf 91' lang='lat' dir='ltr'><strong>condicio,</strong></span> <span class='ocrx_word' id='word_1_241' title='bbox 554 3164 641 3227; x_wconf 85' lang='lat' dir='ltr'><strong>quam</strong></span> <span class='ocrx_word' id='word_1_242' title='bbox 663 3155 768 3228; x_wconf 91' lang='lat' dir='ltr'><strong>potero</strong></span> <span class='ocrx_word' id='word_1_243' title='bbox 796 3147 969 3210; x_wconf 89' lang='lat' dir='ltr'><strong>brevissime</strong></span> <span class='ocrx_word' id='word_1_244' title='bbox 991 3166 1148 3228; x_wconf 85' lang='lat' dir='ltr'><strong>exponam.</strong></span> <span class='ocrx_word' id='word_1_245' title='bbox 1192 3145 1289 3210; x_wconf 87' lang='grc' dir='ltr'>Οιιιιιιι</span> <span class='ocrx_word' id='word_1_246' title='bbox 1310 3144 1399 3225; x_wconf 88' lang='lat' dir='ltr'><strong>igitur</strong></span> <span class='ocrx_word' id='word_1_247' title='bbox 1420 3144 1479 3206; x_wconf 94' lang='lat' dir='ltr'><strong>im-</strong></span> 
     </span>
     <span class='ocr_line' id='line_1_28' title="bbox 223 3246 1479 3330; baseline -0.002 -20"><span class='ocrx_word' id='word_1_248' title='bbox 223 3248 336 3329; x_wconf 91' lang='lat' dir='ltr'><strong>perium</strong></span> <span class='ocrx_word' id='word_1_249' title='bbox 360 3266 425 3310; x_wconf 90' lang='lat' dir='ltr'><strong>curn</strong></span> <span class='ocrx_word' id='word_1_250' title='bbox 448 3247 500 3310; x_wconf 92' lang='lat' dir='ltr'><strong>nni</strong></span> <span class='ocrx_word' id='word_1_251' title='bbox 522 3247 673 3321; x_wconf 86' lang='lat' dir='ltr'><strong>cessisset,</strong></span> <span class='ocrx_word' id='word_1_252' title='bbox 695 3247 778 3326; x_wconf 89' lang='lat' dir='ltr'><strong>cujus</strong></span> <span class='ocrx_word' id='word_1_253' title='bbox 801 3248 839 3309; x_wconf 89' lang='lat' dir='ltr'><strong>ad</strong></span> <span class='ocrx_word' id='word_1_254' title='bbox 863 3248 1018 3311; x_wconf 83' lang='lat' dir='ltr'><strong>arbitrium</strong></span> <span class='ocrx_word' id='word_1_255' title='bbox 1049 3255 1210 3330; x_wconf 90' lang='lat' dir='ltr'><strong>nutumque</strong></span> <span class='ocrx_word' id='word_1_256' title='bbox 1238 3246 1338 3309; x_wconf 88' lang='lat' dir='ltr'><strong>omnia</strong></span> <span class='ocrx_word' id='word_1_257' title='bbox 1358 3247 1479 3320; x_wconf 87' lang='lat' dir='ltr'><strong>fierent,</strong></span> 
     </span>
     <span class='ocr_line' id='line_1_29' title="bbox 223 3346 1479 3431; baseline -0.002 -21"><span class='ocrx_word' id='word_1_258' title='bbox 223 3349 381 3431; x_wconf 88' lang='lat' dir='ltr'><strong>pristinam</strong></span> <span class='ocrx_word' id='word_1_259' title='bbox 416 3349 533 3412; x_wconf 89' lang='lat' dir='ltr'><strong>dicendi</strong></span> <span class='ocrx_word' id='word_1_260' title='bbox 565 3356 596 3410; x_wconf 90' lang='lat' dir='ltr'><strong>et</strong></span> <span class='ocrx_word' id='word_1_261' title='bbox 627 3349 777 3410; x_wconf 87' lang='lat' dir='ltr'><strong>scribendi</strong></span> <span class='ocrx_word' id='word_1_262' title='bbox 810 3349 980 3412; x_wconf 84' lang='lat' dir='ltr'><strong>libertatem</strong></span> <span class='ocrx_word' id='word_1_263' title='bbox 1015 3348 1103 3430; x_wconf 87' lang='lat' dir='ltr'><strong>plane</strong></span> <span class='ocrx_word' id='word_1_264' title='bbox 1136 3367 1310 3431; x_wconf 84' lang='lat' dir='ltr'><strong>oppressum</strong></span> <span class='ocrx_word' id='word_1_265' title='bbox 1340 3367 1406 3410; x_wconf 90' lang='lat' dir='ltr'><strong>esse</strong></span> <span class='ocrx_word' id='word_1_266' title='bbox 1431 3346 1479 3408; x_wconf 90' lang='lat' dir='ltr'><strong>in-</strong></span> 
     </span>
     <span class='ocr_line' id='line_1_30' title="bbox 223 3445 1479 3531; baseline -0.001 -20"><span class='ocrx_word' id='word_1_267' title='bbox 223 3460 269 3512; x_wconf 91' lang='lat' dir='ltr'><strong>ter</strong></span> <span class='ocrx_word' id='word_1_268' title='bbox 290 3469 391 3512; x_wconf 89' lang='lat' dir='ltr'><strong>omues</strong></span> <span class='ocrx_word' id='word_1_269' title='bbox 413 3459 541 3514; x_wconf 87' lang='lat' dir='ltr'><strong>constat.</strong></span> <span class='ocrx_word' id='word_1_270' title='bbox 588 3450 673 3512; x_wconf 90' lang='lat' dir='ltr'><strong>Inter</strong></span> <span class='ocrx_word' id='word_1_271' title='bbox 700 3445 829 3528; x_wconf 89' lang='lat' dir='ltr'><strong>Augusti</strong></span> <span class='ocrx_word' id='word_1_272' title='bbox 857 3449 934 3512; x_wconf 87' lang='lat' dir='ltr'><strong>enim</strong></span> <span class='ocrx_word' id='word_1_273' title='bbox 958 3458 1079 3513; x_wconf 81' lang='lat' dir='ltr'><strong>aetetem</strong></span> <span class='ocrx_word' id='word_1_274' title='bbox 1102 3457 1133 3512; x_wconf 91' lang='lat' dir='ltr'><strong>et</strong></span> <span class='ocrx_word' id='word_1_275' title='bbox 1155 3448 1281 3531; x_wconf 82' lang='lat' dir='ltr'><strong>Traiani</strong></span> <span class='ocrx_word' id='word_1_276' title='bbox 1312 3447 1479 3529; x_wconf 87' lang='lat' dir='ltr'><strong>complures</strong></span> 
     </span>
     <span class='ocr_line' id='line_1_31' title="bbox 224 3548 1479 3634; baseline -0.001 -22"><span class='ocrx_word' id='word_1_277' title='bbox 224 3551 362 3632; x_wconf 87' lang='lat' dir='ltr'><strong>deinceps</strong></span> <span class='ocrx_word' id='word_1_278' title='bbox 390 3551 627 3614; x_wconf 87' lang='lat' dir='ltr'><strong>intercesserunt</strong></span> <span class='ocrx_word' id='word_1_279' title='bbox 654 3549 803 3631; x_wconf 89' lang='lat' dir='ltr'><strong>principes</strong></span> <span class='ocrx_word' id='word_1_280' title='bbox 825 3551 957 3614; x_wconf 91' lang='lat' dir='ltr'><strong>crudeles</strong></span> <span class='ocrx_word' id='word_1_281' title='bbox 979 3551 1122 3633; x_wconf 73' lang='lat' dir='ltr'><strong>aevique,</strong></span> <span class='ocrx_word' id='word_1_282' title='bbox 1154 3552 1205 3634; x_wconf 91' lang='lat' dir='ltr'><strong>qui</strong></span> <span class='ocrx_word' id='word_1_283' title='bbox 1226 3569 1330 3614; x_wconf 89' lang='lat' dir='ltr'><strong>omnes</strong></span> <span class='ocrx_word' id='word_1_284' title='bbox 1351 3548 1479 3612; x_wconf 88' lang='lat' dir='ltr'><strong>virtutes</strong></span> 
     </span>
     <span class='ocr_line' id='line_1_32' title="bbox 223 3650 1479 3733; baseline -0.002 -19"><span class='ocrx_word' id='word_1_285' title='bbox 223 3653 369 3728; x_wconf 88' lang='lat' dir='ltr'><strong>odissent,</strong></span> <span class='ocrx_word' id='word_1_286' title='bbox 400 3650 628 3733; x_wconf 73' lang='lat' dir='ltr'><strong>preclarissima</strong></span> <span class='ocrx_word' id='word_1_287' title='bbox 650 3651 841 3733; x_wconf 88' lang='lat' dir='ltr'><strong>reprimerent</strong></span> <span class='ocrx_word' id='word_1_288' title='bbox 862 3652 992 3732; x_wconf 86' lang='lat' dir='ltr'><strong>ingenia,</strong></span> <span class='ocrx_word' id='word_1_289' title='bbox 1017 3652 1191 3717; x_wconf 90' lang='lat' dir='ltr'><strong>innocentes</strong></span> <span class='ocrx_word' id='word_1_290' title='bbox 1213 3652 1242 3714; x_wconf 92' lang='lat' dir='ltr'><strong>in</strong></span> <span class='ocrx_word' id='word_1_291' title='bbox 1266 3651 1402 3716; x_wconf 86' lang='lat' dir='ltr'><strong>exsilium</strong></span> <span class='ocrx_word' id='word_1_292' title='bbox 1425 3669 1479 3712; x_wconf 84' lang='lat' dir='ltr'><strong>ex·</strong></span> 
     </span>
     <span class='ocr_line' id='line_1_33' title="bbox 221 3753 1479 3838; baseline -0.002 -22"><span class='ocrx_word' id='word_1_293' title='bbox 221 3754 382 3835; x_wconf 90' lang='lat' dir='ltr'><strong>pellerent,</strong></span> <span class='ocrx_word' id='word_1_294' title='bbox 415 3754 538 3835; x_wconf 75' lang='lat' dir='ltr'><strong>premia</strong></span> <span class='ocrx_word' id='word_1_295' title='bbox 566 3762 768 3834; x_wconf 88' lang='lat' dir='ltr'><strong>proponerent</strong></span> <span class='ocrx_word' id='word_1_296' title='bbox 790 3753 989 3828; x_wconf 87' lang='lat' dir='ltr'><strong>delatoribus,</strong></span> <span class='ocrx_word' id='word_1_297' title='bbox 1021 3755 1047 3816; x_wconf 88' lang='lat' dir='ltr'><strong>si</strong></span> <span class='ocrx_word' id='word_1_298' title='bbox 1075 3774 1162 3838; x_wconf 90' lang='lat' dir='ltr'><strong>quem</strong></span> <span class='ocrx_word' id='word_1_299' title='bbox 1185 3753 1265 3817; x_wconf 89' lang='lat' dir='ltr'><strong>iuter</strong></span> <span class='ocrx_word' id='word_1_300' title='bbox 1285 3760 1401 3816; x_wconf 88' lang='lat' dir='ltr'><strong>ceteros</strong></span> <span class='ocrx_word' id='word_1_301' title='bbox 1423 3771 1479 3814; x_wconf 84' lang='lat' dir='ltr'><strong>ex-</strong></span> 
     </span>
     <span class='ocr_line' id='line_1_34' title="bbox 222 3852 1478 3938; baseline -0.002 -20"><span class='ocrx_word' id='word_1_302' title='bbox 222 3856 376 3919; x_wconf 88' lang='lat' dir='ltr'><strong>cellentem</strong></span> <span class='ocrx_word' id='word_1_303' title='bbox 398 3855 630 3935; x_wconf 81' lang='lat' dir='ltr'><strong>investigassent</strong></span> <span class='ocrx_word' id='word_1_304' title='bbox 652 3864 683 3917; x_wconf 96' lang='lat' dir='ltr'><strong>et</strong></span> <span class='ocrx_word' id='word_1_305' title='bbox 704 3854 898 3931; x_wconf 88' lang='lat' dir='ltr'><strong>detulissent,</strong></span> <span class='ocrx_word' id='word_1_306' title='bbox 920 3856 970 3938; x_wconf 91' lang='lat' dir='ltr'><strong>qni</strong></span> <span class='ocrx_word' id='word_1_307' title='bbox 992 3856 1117 3938; x_wconf 91' lang='lat' dir='ltr'><strong>denique</strong></span> <span class='ocrx_word' id='word_1_308' title='bbox 1139 3855 1312 3936; x_wconf 86' lang='lat' dir='ltr'><strong>gliscentem</strong></span> <span class='ocrx_word' id='word_1_309' title='bbox 1327 3852 1478 3917; x_wconf 84' lang='lat' dir='ltr'><strong>libertatis</strong></span> 
     </span>
    </p>
   </div>
   <div class='ocr_carea' id='block_1_3' title="bbox 220 4053 1477 4651">
    <p class='ocr_par' dir='ltr' id='par_1_4' title="bbox 270 4053 819 4129">
     <span class='ocr_line' id='line_1_35' title="bbox 270 4053 819 4129; baseline -0.002 -14"><span class='ocrx_word' id='word_1_310' title='bbox 270 4058 297 4128; x_wconf 85' lang='lat'><strong>¹)</strong></span> <span class='ocrx_word' id='word_1_311' title='bbox 324 4061 371 4120; x_wconf 85' lang='grc'><strong>10.</strong></span> <span class='ocrx_word' id='word_1_312' title='bbox 396 4062 435 4116; x_wconf 86' lang='grc'><strong>96</strong></span> <span class='ocrx_word' id='word_1_313' title='bbox 460 4060 534 4129; x_wconf 76' lang='grc'><strong>(97).</strong></span> <span class='ocrx_word' id='word_1_314' title='bbox 671 4053 746 4128; x_wconf 85' lang='lat'>²)4‚</span> <span class='ocrx_word' id='word_1_315' title='bbox 770 4059 819 4116; x_wconf 88' lang='grc'><strong>30.</strong></span> 
     </span>
    </p>

    <p class='ocr_par' dir='ltr' id='par_1_5' title="bbox 265 4140 1237 4301">
     <span class='ocr_line' id='line_1_36' title="bbox 265 4140 1237 4301; baseline -0.01 -95"><span class='ocrx_word' id='word_1_316' title='bbox 265 4140 289 4266; x_wconf 57' lang='lat' dir='ltr'><strong>j)</strong></span> <span class='ocrx_word' id='word_1_317' title='bbox 314 4149 341 4296; x_wconf 61' lang='lat' dir='ltr'><strong>p,</strong></span> <span class='ocrx_word' id='word_1_318' title='bbox 366 4147 405 4287; x_wconf 45' lang='grc' dir='ltr'><strong>ἔγ</strong></span> <span class='ocrx_word' id='word_1_319' title='bbox 410 4147 455 4296; x_wconf 85' lang='grc'><strong>3,1</strong></span> <span class='ocrx_word' id='word_1_320' title='bbox 462 4148 496 4289; x_wconf 70' lang='lat' dir='ltr'><strong>p</strong></span> <span class='ocrx_word' id='word_1_321' title='bbox 521 4148 548 4202; x_wconf 89' lang='lat'><strong>3.</strong></span> <span class='ocrx_word' id='word_1_322' title='bbox 573 4145 600 4208; x_wconf 85' lang='lat'><strong>3.</strong></span> <span class='ocrx_word' id='word_1_323' title='bbox 624 4148 652 4301; x_wconf 63' lang='lat' dir='ltr'><strong>p)</strong></span> <span class='ocrx_word' id='word_1_324' title='bbox 673 4146 777 4296; x_wconf 60' lang='lat' dir='ltr'><strong>pulp.</strong></span> <span class='ocrx_word' id='word_1_325' title='bbox 799 4149 830 4288; x_wconf 76' lang='lat' dir='ltr'><strong>p</strong></span> <span class='ocrx_word' id='word_1_326' title='bbox 856 4147 882 4200; x_wconf 82' lang='lat'><strong>2.</strong></span> <span class='ocrx_word' id='word_1_327' title='bbox 906 4147 934 4208; x_wconf 85' lang='lat'><strong>4.</strong></span> <span class='ocrx_word' id='word_1_328' title='bbox 959 4147 1009 4210; x_wconf 80' lang='lat' dir='ltr'><strong>aa,</strong></span> <span class='ocrx_word' id='word_1_329' title='bbox 1034 4148 1060 4201; x_wconf 84' lang='lat' dir='ltr'><strong>e.</strong></span> <span class='ocrx_word' id='word_1_330' title='bbox 1084 4147 1112 4208; x_wconf 89' lang='lat' dir='ltr'><strong>e,</strong></span> <span class='ocrx_word' id='word_1_331' title='bbox 1140 4143 1187 4206; x_wconf 82' lang='lat' dir='ltr'><strong>re.</strong></span> <span class='ocrx_word' id='word_1_332' title='bbox 1211 4142 1237 4196; x_wconf 87' lang='lat'><strong>2.</strong></span> 
     </span>
    </p>

    <p class='ocr_par' dir='ltr' id='par_1_6' title="bbox 220 4233 1477 4564">
     <span class='ocr_line' id='line_1_37' title="bbox 264 4233 1477 4390; baseline -0.003 -16"><span class='ocrx_word' id='word_1_333' title='bbox 264 4233 416 4390; x_wconf 66' lang='grc' dir='ltr'><strong>6))Ῑ)ιιιι.</strong></span> <span class='ocrx_word' id='word_1_334' title='bbox 401 4321 448 4375; x_wconf 85' lang='grc'><strong>35.</strong></span> <span class='ocrx_word' id='word_1_335' title='bbox 480 4320 530 4375; x_wconf 91' lang='lat' dir='ltr'><strong>Dio</strong></span> <span class='ocrx_word' id='word_1_336' title='bbox 555 4319 604 4380; x_wconf 89' lang='grc'><strong>68</strong></span> <span class='ocrx_word' id='word_1_337' title='bbox 631 4320 654 4374; x_wconf 90' lang='lat' dir='ltr'><strong>l.</strong></span> <span class='ocrx_word' id='word_1_338' title='bbox 691 4323 782 4374; x_wconf 81' lang='lat' dir='ltr'><strong>Antea</strong></span> <span class='ocrx_word' id='word_1_339' title='bbox 803 4319 881 4374; x_wconf 80' lang='lat' dir='ltr'><strong>Titus</strong></span> <span class='ocrx_word' id='word_1_340' title='bbox 905 4319 961 4372; x_wconf 87' lang='lat' dir='ltr'><strong>tale</strong></span> <span class='ocrx_word' id='word_1_341' title='bbox 983 4317 1039 4371; x_wconf 86' lang='lat' dir='ltr'><strong>fers</strong></span> <span class='ocrx_word' id='word_1_342' title='bbox 1058 4315 1174 4368; x_wconf 79' lang='lat' dir='ltr'><strong>edictum</strong></span> <span class='ocrx_word' id='word_1_343' title='bbox 1191 4315 1321 4370; x_wconf 79' lang='lat' dir='ltr'><strong>ediderat</strong></span> <span class='ocrx_word' id='word_1_344' title='bbox 1344 4317 1410 4372; x_wconf 76' lang='lat' dir='ltr'><strong>Pon.</strong></span> <span class='ocrx_word' id='word_1_345' title='bbox 1428 4315 1477 4371; x_wconf 83' lang='lat'><strong>35.</strong></span> 
     </span>
     <span class='ocr_line' id='line_1_38' title="bbox 220 4407 1434 4564; baseline -0.014 -7"><span class='ocrx_word' id='word_1_346' title='bbox 220 4410 294 4564; x_wconf 63' lang='lat' dir='ltr'><strong>sue&#39;i</strong></span> <span class='ocrx_word' id='word_1_347' title='bbox 316 4407 466 4556; x_wconf 24' lang='lat' dir='ltr'><strong>{ixion</strong></span> <span class='ocrx_word' id='word_1_348' title='bbox 489 4493 518 4556; x_wconf 82' lang='lat'><strong>4,</strong></span> <span class='ocrx_word' id='word_1_349' title='bbox 542 4495 569 4555; x_wconf 83' lang='lat'><strong>9.</strong></span> <span class='ocrx_word' id='word_1_350' title='bbox 595 4492 622 4547; x_wconf 85' lang='lat'><strong>2.</strong></span> <span class='ocrx_word' id='word_1_351' title='bbox 656 4490 708 4546; x_wconf 91' lang='lat' dir='ltr'><strong>Die</strong></span> <span class='ocrx_word' id='word_1_352' title='bbox 733 4491 782 4555; x_wconf 85' lang='grc'><strong>68,</strong></span> <span class='ocrx_word' id='word_1_353' title='bbox 810 4492 835 4554; x_wconf 91' lang='lat' dir='ltr'><strong>l,</strong></span> <span class='ocrx_word' id='word_1_354' title='bbox 860 4491 886 4545; x_wconf 85' lang='lat'><strong>2.</strong></span> <span class='ocrx_word' id='word_1_355' title='bbox 1022 4481 1046 4557; x_wconf 73' lang='grc'><strong>8)</strong></span> <span class='ocrx_word' id='word_1_356' title='bbox 1070 4485 1097 4548; x_wconf 72' lang='lat' dir='ltr'><strong>i,</strong></span> <span class='ocrx_word' id='word_1_357' title='bbox 1122 4485 1171 4549; x_wconf 83' lang='lat'><strong>31.</strong></span> <span class='ocrx_word' id='word_1_358' title='bbox 1194 4487 1222 4542; x_wconf 86' lang='lat'><strong>4.</strong></span> <span class='ocrx_word' id='word_1_359' title='bbox 1256 4485 1309 4542; x_wconf 85' lang='lat' dir='ltr'><strong>nio</strong></span> <span class='ocrx_word' id='word_1_360' title='bbox 1333 4483 1383 4550; x_wconf 84' lang='grc'><strong>68,</strong></span> <span class='ocrx_word' id='word_1_361' title='bbox 1408 4485 1434 4540; x_wconf 84' lang='lat'><strong>2.</strong></span> 
     </span>
    </p>

    <p class='ocr_par' dir='ltr' id='par_1_7' title="bbox 265 4573 602 4651">
     <span class='ocr_line' id='line_1_39' title="bbox 265 4573 602 4651; baseline -0.006 -15"><span class='ocrx_word' id='word_1_362' title='bbox 265 4573 289 4651; x_wconf 73' lang='grc' dir='ltr'><strong>ο)</strong></span> <span class='ocrx_word' id='word_1_363' title='bbox 317 4582 341 4642; x_wconf 86' lang='lat' dir='ltr'><strong>l.</strong></span> <span class='ocrx_word' id='word_1_364' title='bbox 368 4580 417 4635; x_wconf 84' lang='lat'><strong>20.</strong></span> <span class='ocrx_word' id='word_1_365' title='bbox 442 4581 470 4642; x_wconf 84' lang='lat'><strong>9,</strong></span> <span class='ocrx_word' id='word_1_366' title='bbox 495 4579 542 4634; x_wconf 83' lang='lat'><strong>26.</strong></span> <span class='ocrx_word' id='word_1_367' title='bbox 566 4580 602 4634; x_wconf 85' lang='lat' dir='ltr'><strong>al.</strong></span> 
     </span>
    </p>
   </div>
   <div class='ocr_carea' id='block_1_4' title="bbox 0 0 1636 5332">
    <p class='ocr_par' dir='ltr' id='par_1_8' title="bbox 0 0 1636 5332">
     <span class='ocr_line' id='line_1_40' title="bbox 0 0 1636 5332; baseline 0 2"><span class='ocrx_word' id='word_1_368' title='bbox 0 0 1636 5332; x_wconf 95' lang='lat' dir='ltr'><strong> </strong></span> 
     </span>
    </p>
   </div>
  </div>
 </body>
</html>
