3264 5332
420 463 460 518 De
483 461 543 518 vite
564 464 594 518 et
615 463 770 520 elocutione
791 462 821 519 O.
845 463 929 518 Plinii
950 463 1052 518 Oaeoilii
1073 461 1200 518 Secundi.
1423 459 1440 515 9

192 631 276 695 Filiae
298 641 399 696 autem
423 633 621 710 Quintiliani,
643 655 709 697 cum
732 634 830 697 Nonio
850 635 947 698 Celeri
967 645 1096 717 nuptura
1111 644 1207 710 esset,
1228 631 1444 716 quinquaginta

193 733 274 796 milia
296 753 446 798 nummum
467 737 593 798 contulit
614 756 650 798 ac
672 735 738 816 plus
761 737 878 818 quidem
900 757 932 798 se
952 737 1130 799 collaturum
1147 736 1246 808 fuisse,
1269 732 1444 805 affirmavit,

192 833 249 896 nisi
271 834 382 896 veritus
404 846 498 911 esset,
522 857 557 897 ne
580 838 675 917 majus
699 856 804 898 munus
825 836 1058 921 recusantum).
1082 837 1215 900 Calvinae
1229 833 1317 898 amici
1331 833 1376 894 sni
1392 853 1445 894 cu·

189 935 305 1016 jusdam
332 936 415 1010 filia,
438 938 523 1018 cujus
540 938 618 1018 patri
641 947 730 1000 antea
752 938 851 1000 nescio
866 947 1010 1018 quantam
1028 938 1183 1018 pecuniam
1199 937 1365 1008 obtulerat,
1388 955 1444 996 nu·

193 1036 274 1098 beuti
297 1037 326 1099 in
348 1039 449 1099 dotem
472 1048 590 1100 nantum
613 1039 694 1100 milia
716 1057 867 1100 nummum
891 1038 1063 1123 contulit2).
1106 1040 1154 1101 Ne
1178 1037 1302 1100 nutricis
1324 1034 1443 1116 quidem

191 1157 252 1199 suae
274 1138 383 1199 oblitus
405 1148 468 1213 est,
488 1140 540 1200 sed
557 1139 583 1200 ei
599 1139 682 1202 dedit
697 1139 823 1219 agellum
840 1149 957 1202 centum
974 1140 1086 1202 milium
1103 1136 1304 1221 nummumi).
1328 1134 1445 1205 Quam-

192 1257 249 1319 que
271 1238 414 1301 innocens
436 1240 526 1301 fuerit
547 1259 584 1301 ex
605 1259 639 1301 eo
662 1260 775 1322 quoque
798 1249 937 1321 apparet,
959 1243 1052 1321 quod,
1074 1261 1141 1303 oum
1165 1238 1331 1302 vindemias
1354 1255 1445 1316 nego·
1520 1247 1521 1256 ¹

193 1339 352 1402 tiatoribus
374 1341 554 1402 vendidisset
576 1361 669 1422 neque
685 1343 797 1403 fructus
814 1341 1027 1403 vindemiarum
1042 1342 1169 1420 pretinm
1184 1348 1326 1421 aequaret,
1348 1337 1446 1399 omni-

194 1441 249 1502 bus
276 1449 389 1519 partem
419 1442 523 1522 pretii,
555 1461 612 1523 qno
635 1442 758 1523 quisque
780 1450 906 1515 emerat,
939 1441 1133 1524 concessit⁴).
1178 1439 1303 1510 Quaerat
1325 1438 1446 1518 aliquis,

193 1541 271 1603 unde
298 1542 431 1620 pecuniae
459 1542 601 1604 redierint
627 1543 665 1603 ad
687 1553 734 1604 tot
755 1543 928 1622 largitiones
952 1542 1103 1605 faciendas
1125 1549 1286 1621 tantosque
1308 1547 1445 1619 sumptus

193 1642 257 1702 sine
286 1641 465 1705 detrimento
498 1645 625 1706 fortunae
658 1643 901 1724 suppeditandos.
955 1644 1000 1704 At
1026 1643 1140 1705 Plinius
1163 1651 1193 1705 et
1214 1662 1232 1703 a
1253 1641 1445 1721 parentibus,

194 1761 317 1823 quorum
339 1744 420 1805 solus
444 1744 499 1806 fuit
520 1745 623 1816 heres,
646 1744 846 1824 amplissimos
868 1753 897 1806 et
914 1744 1165 1806 fructuosissimos
1188 1762 1274 1821 agros
1289 1741 1368 1804 circa
1382 1742 1446 1802 La-

194 1844 269 1905 rium
293 1843 389 1906 lacum
412 1844 486 1906 sitos
509 1845 673 1906 hereditate
696 1841 896 1930 acceperatf)
919 1854 950 1907 et
972 1846 1010 1907 ab
1033 1843 1193 1917 avunculo,
1215 1843 1264 1925 qui
1285 1842 1445 1921 adoptione

195 1946 234 2005 ad
248 1945 358 2006 sororis
374 1945 466 2007 filiurn
479 1947 629 2007 fortunam
646 1965 731 2007 suam
749 1945 960 2020 transtulerat,
983 1947 1096 2026 magnis
1112 1946 1216 2025 opibus
1232 1951 1298 2004 erat
1313 1941 1446 2022 locuple-

194 2055 292 2118 tatus,
314 2055 404 2126 atque
427 2065 464 2107 ex
485 2047 641 2127 permultis
663 2046 751 2120 villis,
774 2066 848 2127 quas
870 2049 899 2108 in
923 2047 1056 2127 epistolis
1076 2045 1137 2109 suis
1157 2041 1446 2125 commemorante),

196 2146 342 2226 conjicere
366 2146 447 2220 licet,
469 2146 549 2208 hand
572 2147 706 2226 exiguam
717 2149 745 2227 ⁷)
769 2147 860 2209 Plinii
884 2167 945 2210 rem
968 2147 1142 2209 familiarem
1166 2145 1264 2207 fuisse.
1302 2143 1336 2205 Si
1357 2142 1446 2204 simul

197 2247 377 2327 cogitamus,
404 2256 523 2327 quantae
551 2248 576 2308 ei
599 2248 768 2311 hereditate
790 2248 900 2310 relictae
921 2249 982 2310 sint
1004 2248 1136 2328 pecuniae
1158 2248 1196 2308 ab
1220 2245 1340 2318 amicis,
1372 2263 1446 2324 quos

198 2348 360 2426 permultos
393 2347 539 2421 habebat,
571 2349 653 2409 velut
679 2351 718 2412 ab
750 2347 890 2411 Aciliano
902 2347 947 2432 ⁸),
979 2371 997 2410 a
1026 2346 1197 2431 Sabinaf),
1230 2366 1249 2407 a
1280 2344 1447 2425 Pomponia

198 2448 289 2511 Galla
302 2448 363 2531 ¹⁰),
386 2468 405 2509 a
427 2447 591 2511 Saturnino
606 2447 667 2531 ¹¹),
690 2471 708 2511 a
729 2450 811 2514 Julio
833 2450 932 2529 Largo
946 2449 1002 2532 ¹²),
1025 2449 1102 2522 aliis,
1127 2449 1203 2510 etsi
1226 2445 1447 2508 consideramus

198 2567 287 2629 quam
311 2548 386 2628 frugi
400 2544 446 2633 13)
469 2561 500 2612 et
522 2551 679 2611 continens
702 2550 789 2612 fuerit
811 2551 938 2620 Plinius,
966 2549 1136 2611 desinemus
1159 2547 1273 2620 mirari,
1295 2547 1371 2608 unde
1393 2565 1447 2627 pe-

198 2649 293 2711 cuniae
315 2649 352 2710 ad
374 2659 510 2729 sumptus
532 2658 594 2713 tam
616 2651 777 2712 immensos
798 2650 1032 2731 suppeditandos
1055 2651 1203 2711 redierint.

281 2749 397 2811 Plinius
420 2760 518 2812 autem
541 2761 574 2814 nt
596 2753 720 2832 prodiga
742 2752 923 2814 liberalitate
945 2751 1069 2831 insignis
1092 2759 1173 2823 erat,
1199 2751 1244 2812 ita
1265 2769 1374 2830 magna
1396 2769 1447 2811 co-

201 2850 304 2912 mitate
326 2851 436 2912 amicos
459 2853 689 2914 commendabat
715 2863 746 2914 et
767 2853 946 2915 auctoritate
969 2872 1024 2914 sua
1046 2852 1236 2925 sublevabat,
1265 2851 1448 2913 calamitati-

201 2954 255 3013 bus
277 2951 422 3025 afflictos,
444 2963 476 3014 ut
498 2962 564 3014 erat
586 2954 624 3014 ad
647 2953 876 3016 misericordiam
905 2973 1086 3034 propensus,
1105 2954 1237 3032 juvabat
1258 2961 1289 3012 et
1310 2953 1448 3014 consola-

200 3052 299 3126 batur,
322 3072 431 3133 magna
452 3053 611 3116 clementia
632 3062 662 3114 et
683 3055 868 3116 humanitate
887 3055 916 3115 in
933 3073 1035 3115 servos
1052 3055 1203 3116 utebatur.
1230 3051 1355 3122 Quanta
1370 3053 1447 3115 enim

200 3154 354 3216 anxietate
380 3155 507 3217 Sextum
531 3155 687 3230 Erucium,
709 3156 756 3217 oni
778 3165 957 3236 quaesturam
980 3155 1196 3234 impetraverat
1216 3162 1245 3215 et
1269 3153 1362 3215 latum
1385 3153 1448 3220 cle-

199 3275 283 3328 vum,
305 3257 511 3317 commendare
533 3257 676 3319 studebat
690 3254 747 3343 ¹⁴),
781 3265 962 3337 quantopere
988 3255 1156 3329 metuebat,
1179 3275 1215 3316 ne
1239 3254 1338 3316 Julius
1364 3255 1448 3316 Naso

198 3356 312 3418 amicus
339 3356 368 3417 in
397 3355 559 3419 honoribus
582 3359 718 3438 petendis
740 3358 889 3438 repulsam
914 3359 1017 3431 ferret,
1040 3376 1106 3417 cum
1130 3356 1238 3418 multos
1261 3374 1369 3437 eosque
1394 3358 1448 3417 bc-

199 3477 252 3518 nos
285 3457 495 3538 competitores
528 3459 653 3520 haberet
666 3459 728 3544 1⁵),
761 3479 848 3540 quam
881 3467 1006 3538 paratus
1038 3477 1154 3538 semper
1182 3465 1248 3520 erat
1274 3458 1312 3518 ad
1342 3477 1448 3519 causas

197 3558 360 3621 amicorum
394 3559 611 3621 defendendas!
655 3558 780 3630 Quanta
813 3579 883 3621 vero
916 3558 1115 3621 sollicitudine
1146 3560 1272 3622 affectus
1295 3558 1449 3620 assidebat

197 3656 335 3720 Aristoni
349 3657 394 3743 16)
417 3669 545 3736 aegrot0,
570 3671 681 3740 quanto
703 3681 768 3723 cum
791 3681 845 3723 suo
867 3661 959 3742 ipsius
982 3660 1113 3740 periculo
1135 3659 1328 3722 Artemidoro
1350 3658 1448 3738 philo·

197 3759 304 3840 sopho,
337 3760 399 3820 viro
429 3759 547 3842 quidem
581 3760 661 3824 claro
695 3771 783 3844 atque
816 3762 945 3842 integro,
978 3762 1030 3822 sed
1058 3761 1229 3842 imperatori
1258 3759 1447 3832 Domitiano,

197 3861 244 3922 cui
266 3860 362 3922 omnis
385 3860 479 3922 virtus
501 3869 565 3923 erat
587 3871 740 3942 suspecta,
761 3862 874 3936 inviso,
896 3861 1058 3943 gratuitam
1073 3859 1155 3926 dedit
1169 3860 1338 3943 pecuniam,
1360 3877 1447 3940 quarn

246 4059 443 4130 'mean
579 4057 760 4132 uana
897 4059 1075 4130 naar
1211 4058 1335 4128 naa

240 4145 443 4220 uuum.
578 4143 903 4216 fimmauum

242 4229 264 4303 ²)
285 4238 330 4294 Ex
352 4238 425 4309 agria
452 4238 539 4292 solum
569 4238 594 4290 in
626 4239 738 4292 Etruria
766 4238 824 4292 sitis
847 4239 950 4293 reditus
974 4240 1173 4312 quadringenta
1195 4235 1271 4292 milia
1294 4236 1447 4291 sestertium

198 4326 367 4378 excedebant
392 4326 439 4388 10,
463 4325 480 4380 8
505 4325 577 4393 (24).
603 4326 629 4380 5.

241 4404 266 4478 8)
292 4412 319 4474 2,
346 4412 394 4474 16,
420 4415 444 4467 1.
579 4405 603 4474 ⁹)
626 4412 655 4476 4,
681 4413 729 4475 10,
756 4415 780 4467 l.
920 4405 956 4478 ¹⁰)
982 4412 1009 4475 5,
1035 4413 1060 4475 l,
1085 4413 1110 4464 1.
1162 4421 1167 4432 ’
1250 4402 1285 4478 11)
1310 4409 1337 4473 5,
1361 4409 1389 4472 ’1,
1408 4411 1433 4464 l.

245 4491 278 4562 ¹²)
304 4499 351 4560 10,
375 4497 503 4566 751791,
527 4499 556 4556 2.

246 4578 282 4654 ¹³)
303 4586 395 4650 ”Quod
419 4593 509 4640 cessat
529 4605 564 4640 ex
587 4586 676 4640 reditu
699 4586 860 4659 frugalitate
881 4584 1040 4655 suppletur'’
1064 4583 1091 4646 2,
1116 4586 1144 4646 4,
1168 4581 1194 4639 3.

247 4665 436 4736 baua
576 4667 713 4738 maa
853 4665 1010 4734 mam
