3264 5332
370 436 410 490 De
432 436 492 490 rita
513 437 541 490 et
563 435 718 489 elocutione
739 433 769 489 G.
792 433 876 487 Plinii
898 432 1001 488 Caecilii
1022 433 1148 488 Secundi.
1347 433 1386 486 25

222 607 398 671 ”Intendere
419 627 501 670 more
518 613 677 690 poetarum
698 627 717 667 a
738 604 843 668 Plinio
864 605 909 668 bio
930 614 1110 692 usurpatum
1130 613 1172 668 eet
1187 605 1219 678 3,
1240 603 1271 678 9,
1291 604 1334 666 21
1355 604 1389 667 in

133 708 275 795 jupnlnm
295 706 459 770 inrmcentis
480 707 568 792 qnasi
588 707 678 770 telum
700 705 823 791 aliquod
844 706 1024 770 intendere?
1061 707 1123 770 Ofr.
1146 705 1209 769 Cic.
1230 705 1292 768 Pis.
1315 707 1344 780 2,
1358 705 1387 769 5.

139 812 222 890 ”Ego
244 811 306 871 tela
327 820 459 871 extremo
482 829 580 870 mense
602 809 773 871 consulatus
790 808 847 870 mei
862 809 982 870 intenta
994 807 1104 888 jugulis
1120 806 1252 869 civitatis
1266 808 1302 867 de
1317 826 1390 868 coo·

135 913 302 992 juratorum
326 909 445 972 nefariis
474 909 613 972 manibus
646 908 786 971 extorsi.”
830 905 934 970 ”Alter
962 906 1042 972 locus
1063 906 1171 992 lepitnr
1193 905 1272 986 Pan.
1295 905 1346 981 19,
1366 907 1390 970 3

138 1021 171 1072 nt
202 1011 335 1074 studium
366 1009 500 1071 omnium
531 1008 718 1094 laboremque
749 1007 943 1070 intenderee.”
993 1009 1055 1072 cfr.
1085 1009 1157 1072 Sall.
1186 1010 1255 1088 lug.
1281 1001 1338 1082 75,
1358 1007 1388 1072 8.

139 1112 312 1186 ''Numidao,
334 1111 421 1173 sicuti
444 1110 573 1192 plerique
596 1111 625 1172 in
649 1131 725 1172 nova
747 1108 910 1183 deditione,
933 1110 1031 1172 officia
1053 1108 1275 1171 intenderant.”

222 1211 407 1295 '‘Interloqni
437 1211 518 1295 quod
550 1231 609 1272 non
641 1209 748 1294 legitur
774 1209 835 1273 nisi
861 1209 945 1294 apud
970 1209 1000 1272 Τ
996 1231 1037 1271 er.
1060 1207 1172 1272 Hecut.
1193 1209 1224 1284 4,
1245 1209 1277 1281 3,
1299 1209 1343 1272 13
1363 1217 1390 1272 et

134 1321 206 1396 poet
226 1312 310 1398 apud
332 1309 465 1376 Gellium
486 1311 536 1384 14,
557 1311 590 1386 2,
612 1311 654 1374 19
675 1333 695 1372 n
716 1309 820 1374 Plinio
842 1330 900 1371 uno
921 1308 999 1384 loeo,
1020 1310 1074 1394 qni
1094 1319 1137 1372 eet
1158 1311 1186 1386 7,
1200 1310 1230 1384 6,
1245 1310 1277 1384 6,
1299 1331 1390 1372 mar-

133 1423 243 1498 patum
264 1413 334 1475 est.”
366 1413 427 1476 on.
444 1413 514 1475 Seu.
533 1414 601 1474 Beu.
617 1414 646 1485 4,
662 1411 712 1486 26,
732 1415 756 1473 l.
790 1410 957 1474 ”Permitte
980 1410 1050 1472 mihi
1074 1411 1183 1492 aliquid
1206 1404 1390 1491 interloqui.”

222 1512 362 1576 ’'Pollere
383 1513 403 1576 i.
426 1536 454 1597 q.
479 1515 581 1574 timere
601 1513 631 1586 6,
653 1513 684 1586 2,
706 1513 738 1588 2,
766 1511 853 1574 sicuti
881 1509 1028 1573 Horatius
1049 1521 1075 1573 et
1097 1511 1225 1573 Persius
1246 1510 1303 1572 lanc
1324 1531 1391 1574 voce

139 1616 188 1676 usi
208 1615 303 1677 eunt.’'
335 1615 396 1677 Cur
419 1633 476 1675 non
500 1615 595 1694 possit
617 1615 736 1695 propria
758 1615 785 1674 vi
808 1613 916 1693 accipi,
939 1633 997 1674 non
1013 1612 1158 1692 intelligo,
1181 1631 1275 1693 neque
1290 1612 1388 1685 video,

138 1735 191 1778 cur
213 1735 331 1778 necesse
354 1715 395 1776 sit
417 1711 627 1798 ”perimendi'’
651 1716 772 1777 verbum
795 1713 824 1788 8,
847 1714 897 1787 20,
918 1715 947 1789 2,
970 1722 1003 1776 ut
1025 1713 1178 1775 contendit
1199 1713 1390 1786 Holstenius,

139 1816 330 1898 interpretari
352 1814 492 1878 lustrare.

220 1915 358 1980 '’Puoere
390 1939 456 1980 eune
490 1917 657 1980 accusativo
688 1916 734 1980 rei
754 1915 782 1991 6,
803 1915 858 1989 20,
880 1915 908 1989 8,
934 1935 1000 1999 quoe
1026 1922 1178 1976 structura
1199 1913 1314 1977 nonin
1335 1935 1392 1974 usu

138 2028 181 2082 est
202 2017 263 2080 nisi
283 2017 369 2101 apud
392 2025 514 2101 poetas,
542 2039 617 2100 qnos
640 2027 752 2101 preter
780 2015 918 2078 Plinium
945 2015 1063 2078 Tacitus
1084 2014 1267 2098 Pliniueque
1291 2015 1392 2096 major

138 2117 250 2181 imitati
270 2119 369 2180 eunt.'’
413 2118 475 2181 Gir.
499 2119 572 2181 Sall.
595 2117 662 2180 (lat.
686 2120 734 2190 31,
757 2119 785 2180 3.
830 2117 990 2179 ”Mulieres
1012 2116 1111 2178 omnia
1133 2117 1259 2196 pavere*
1274 2113 1314 2200 1).

223 2217 434 2282 ”Proerenden
455 2241 547 2304 qnam
568 2239 665 2281 vocem
680 2225 776 2302 poitoe
796 2217 890 2281 retello
912 2217 1073 2300 Anpustere
1084 2216 1244 2302 finaernnt
1264 2217 1292 2290 8,
1306 2214 1393 2288 27,8

140 2317 307 2406 Obsirrnare
322 2319 461 2382 animum
476 2317 659 2404 oleribusque
668 2318 886 2403 pretendere.”
909 2317 995 2402 (Leg.
1013 2339 1065 2399 pro
1080 2319 1110 2390 8,
1124 2312 1174 2391 27,
1189 2317 1217 2382 8.
1240 2313 1269 2392 7,
1281 2313 1332 2391 27,
1342 2313 1390 2402 8).

138 2421 210 2484 Jarn
234 2421 385 2484 Ciceronis
407 2430 496 2482 aetate
519 2420 549 2481 in
573 2441 627 2482 usu
652 2421 705 2483 fuit
729 2421 917 2482 vocabulum.
948 2419 1085 2483 Cincio.
1102 2419 1175 2482 Vat.
1191 2419 1219 2494 6,
1237 2420 1283 2482 14.
1306 2419 1391 2481 '’Ho-

140 2522 227 2582 rninis
249 2521 413 2584 doctissimi
437 2542 542 2583 nornen
566 2522 625 2583 tuis
639 2521 818 2584 immunibus
834 2528 864 2581 et
879 2521 1016 2583 barbaris
1032 2521 1162 2582 moribus
1178 2519 1392 2601 pretendere?

222 2620 456 2696 '’Reformielure
479 2619 625 2684 translato
647 2643 734 2684 senen
755 2623 786 2694 5,
803 2621 854 2696 16,
868 2622 908 2683 11
931 2620 1060 2683 crudum
1081 2620 1180 2685 adhuc
1202 2621 1308 2684 oulrrns
1329 2640 1393 2684 nee-

138 2722 273 2786 denlinm
294 2744 403 2784 morene
424 2721 634 2806 reformidui.”
666 2723 728 2786 cfr.
750 2723 812 2786 cic.
834 2723 864 2783 in
886 2721 946 2793 Qu.
964 2722 1041 2786 (laec.
1059 2721 1125 2784 Div.
1144 2723 1192 2797 16,
1209 2724 1260 2786 51.
1294 2722 1392 2784 ”Dili-

139 2825 240 2904 gentia
252 2825 466 2905 speculatorem
482 2824 681 2886 reiorrnidat.”
704 2827 792 2887 Tusc.
810 2825 838 2898 l,
853 2823 904 2897 45,
922 2822 987 2886 108.
1004 2823 1070 2884 ”Ea
1082 2824 1255 2887 reformidet
1266 2823 1392 2887 oratio.’'

223 2925 274 2987 ”T
270 2925 336 2987 neri
353 2946 413 3009 pro
435 2925 604 3010 conspicere
625 2926 657 3000 2,
679 2926 730 2997 11,
753 2926 800 2988 7.”
844 2924 953 2986 Mirem
974 2925 1267 3004 interpretationem!
1302 2923 1394 3003 Legi-

141 3038 190 3089 tur
211 3027 304 3088 enirn:
327 3025 434 3089 ”Unde
457 3027 574 3101 evenit,
596 3035 630 3088 ut
652 3028 728 3107 quod
746 3026 830 3090 multi
845 3025 974 3088 clamore
991 3025 1139 3106 permixto
1153 3035 1284 3102 tuentur,
1307 3044 1392 3088 nemo

141 3128 311 3190 tacentibus
333 3128 439 3189 ceteris
461 3128 556 3189 dicere
580 3127 679 3189 velit.’'

222 3228 284 3291 Illis
313 3227 489 3291 commentis
517 3227 577 3289 alia
605 3228 700 3289 multa
722 3222 812 3306 adjici
834 3235 972 3308 possunt,
1004 3247 1068 3309 quae
1090 3227 1191 3290 omniu
1212 3228 1237 3290 si
1259 3228 1393 3310 persequi

142 3330 261 3403 vellem,
295 3329 432 3391 volumen
456 3328 618 3410 implerem.
661 3329 750 3390 Adde
772 3329 849 3411 quod
880 3347 971 3408 prope
1000 3328 1156 3408 sexaginte
1180 3349 1293 3392 errores
1316 3330 1394 3392 Hol-

142 3430 230 3492 stenii
262 3430 292 3491 in
326 3430 454 3492 numeris
488 3430 618 3492 locorum
641 3429 799 3492 efferendis
821 3429 977 3502 annotavi,
1009 3448 1082 3511 quos
1110 3429 1227 3510 longum
1250 3440 1297 3494 est
1320 3453 1395 3495 euu-

143 3550 266 3593 merare.

227 3631 287 3694 Sed
321 3651 357 3693 ne
389 3639 507 3712 tempus
529 3640 626 3694 terem
649 3631 679 3694 in
707 3632 793 3694 rebus
822 3630 1015 3713 aproposito
1038 3629 1158 3704 alienis,
1186 3632 1215 3693 id
1239 3631 1334 3694 solum
1357 3632 1394 3693 nd

145 3740 308 3796 extremum
342 3752 463 3807 moneo,
496 3752 542 3793 me
570 3733 716 3814 rescripte
748 3731 871 3811 Trajani
904 3730 1023 3793 omnino
1056 3732 1206 3807 omisisse,
1239 3741 1394 3813 postquam
1465 3727 1473 3738 '

144 3832 301 3914 Uesingiuo
316 3832 346 3918 ²)
368 3835 442 3896 satis
466 3834 618 3895 evidenter
639 3833 787 3908 ostendit,
810 3833 862 3895 illc
883 3832 1030 3913 rescripta
1052 3834 1209 3915 supposito
1230 3852 1302 3896 esee.

193 4053 218 4118 ¹)
241 4056 307 4109 Cum
330 4055 492 4112 Accusativo
515 4072 638 4126 personae
659 4051 834 4124 conjungitur
856 4055 938 4108 etiarn
962 4056 1036 4124 apud
1059 4055 1117 4110 Liv.
1150 4055 1199 4118 23,
1223 4055 1250 4118 5,
1274 4055 1301 4110 8.
1345 4055 1397 4112 Cir.

146 4143 287 4204 thnast,
310 4143 376 4198 ”Die
388 4143 590 4214 Hauptpunlrte
603 4140 849 4208 dorLivianischen
865 4142 996 4213 Syntax'',
1020 4145 1085 4214 Peg.
1102 4143 1175 4206 142,
1197 4143 1291 4198 Berlin
1307 4142 1395 4198 1871.

190 4224 212 4292 ²)
234 4231 298 4284 ”Om
323 4232 357 4282 de
379 4229 480 4299 Kejser
501 4229 599 4299 Trajan
630 4229 738 4299 tillagte
760 4229 847 4282 Breve
869 4229 900 4281 til
924 4229 1051 4291 Plinius’',
1080 4229 1316 4284 Videnslrnbernee
1339 4230 1396 4285 Sel·

148 4313 228 4370 ekebe
251 4317 375 4380 Skriiter,
397 4317 491 4371 rente
512 4315 626 4377 Raeklre,
649 4313 748 4384 Tredje
767 4315 849 4377 Bind,
871 4314 1052 4370 Kidbenhuvn
1080 4315 1169 4370 1861.

674 4565 870 4576 m
