3264 5332
213 397 250 452 72
700 391 726 444 J.
750 391 779 444 P.
803 390 970 464 Lagergren.

296 570 425 632 Constat
446 567 523 627 inter
540 583 642 626 ornnes
658 563 887 640 ''darninntiva'',
909 583 972 646 quae
988 571 1143 638 vocantur,
1165 564 1312 627 vocabula
1324 583 1382 624 non
1400 581 1465 624 ma-

215 673 258 753 gis
287 671 325 732 ad
353 668 533 750 parvitatem
563 685 658 727 rerum
682 673 712 726 et
735 666 878 727 vilitatem
901 665 1125 745 significandam
1148 685 1234 746 quam
1257 665 1296 728 ad
1320 664 1467 726 festivita-

216 785 275 835 tem
298 771 462 852 quandam,
495 765 676 839 comitatem,
710 768 909 838 suavitatem,
938 766 1029 828 animi
1051 766 1272 840 remissionem,
1301 775 1336 827 ut
1356 764 1400 828 ita
1421 765 1469 826 di-

217 893 298 945 cam,
331 867 528 931 indicandam.
589 864 662 929 Cum
696 876 796 929 antem
829 868 990 947 scriptores
1021 874 1169 946 argentea
1204 866 1303 929 aetatis
1336 866 1365 928 id
1400 873 1470 928 ante

219 973 318 1035 omnia
351 977 490 1050 agerent,
524 975 558 1029 ut
590 967 752 1030 orationem
788 967 933 1048 lepidam,
968 987 1107 1040 suavem,
1139 967 1277 1028 festivam
1299 968 1470 1041 clficerent,

221 1094 278 1136 non
306 1061 351 1133 e'st
378 1069 543 1132 mirandum
573 1068 667 1130 multa
689 1069 740 1130 illa
762 1077 852 1131 aetate
874 1068 1058 1130 deminutiva
1080 1088 1145 1129 esse
1168 1078 1288 1130 novata.
1333 1068 1471 1130 Comen-

222 1185 340 1236 taneum
364 1179 550 1243 astantem,
573 1189 610 1229 ea
631 1170 779 1250 praecipue
802 1170 939 1250 usurpari
962 1170 991 1230 in
1015 1168 1151 1230 familiari
1173 1169 1224 1230 illo
1246 1188 1382 1230 sermone
1406 1169 1472 1248 api-

222 1274 366 1336 stolarum
394 1270 528 1353 proprio,
561 1270 611 1330 nbi
635 1270 675 1343 is,
708 1271 756 1351 qui
779 1269 898 1345 scribit,
920 1269 1041 1360 intimps
1070 1269 1161 1331 animi
1189 1289 1312 1343 sensus,
1338 1269 1377 1332 ad
1399 1288 1472 1350 quos

223 1374 397 1436 indicandos
420 1371 576 1451 aptissima
609 1378 679 1432 sunt
702 1371 752 1432 illa
775 1371 884 1443 verba,
908 1370 1058 1445 effundat,
1090 1370 1141 1432 ubi
1170 1379 1239 1432 ante
1262 1370 1364 1432 omnia
1387 1371 1473 1431 festi-

225 1475 303 1536 vitas
326 1475 459 1554 quaedam
483 1479 512 1533 et
534 1471 669 1532 hilaritas
691 1472 719 1531 in
743 1472 897 1534 scribendo
920 1480 1089 1551 expetatur.

307 1575 395 1654 Apud
428 1572 558 1636 Plinium
592 1571 655 1632 haec
686 1573 876 1634 substantiva
904 1572 1086 1635 deminutiva
1114 1572 1186 1634 mihi
1214 1573 1474 1634 commemoranda

226 1677 290 1738 visa
311 1685 396 1748 sunt,
419 1691 540 1756 qnorum
564 1672 627 1752 ipse
651 1692 775 1735 novasse
798 1673 931 1734 videtur:

308 1773 487 1838 Actiuncula
509 1768 581 1858 (alra.
604 1769 677 1856 alp.)
705 1774 741 1834 de
764 1773 845 1835 brevi
874 1793 973 1837 causae
1001 1773 1135 1835 oratione
1163 1773 1280 1836 dicitur.
1328 1775 1473 1837 Retracto

227 1878 302 1940 enim
326 1875 509 1939 actiunculas
530 1875 674 1958 quasdam
697 1874 726 1947 9,
751 1875 797 1946 15,
820 1876 848 1937 2.

309 1975 524 2041 Canatiuncula
546 1972 618 2060 (circ.
634 1974 707 2060 alp.)
730 1977 765 2036 de
788 1975 868 2050 loco,
890 1975 941 2037 ubi
964 1983 1100 2050 cenatur,
1123 1975 1369 2056 quemadmodum
1387 1996 1475 2039 cana·

227 2081 315 2145 tionis
337 2099 408 2141 voce
431 2099 500 2141 usus
523 2089 575 2141 est.
599 2074 713 2162 (Fons)
736 2077 881 2157 excipitur
902 2074 1106 2139 cenatiuncula
1129 2077 1322 2140 manufacta
1345 2078 1374 2151 4,
1387 2079 1436 2152 30,
1448 2080 1474 2140 2.

312 2176 501 2242 Columbulua
522 2175 595 2262 (aira.
617 2176 699 2262 aia).
743 2177 810 2240 Hac
841 2197 914 2240 voce
946 2197 1016 2239 usus
1049 2185 1094 2238 est
1119 2177 1154 2238 dc
1181 2179 1322 2257 opusculo
1344 2180 1475 2259 politico,

230 2284 306 2364 quod
330 2288 394 2342 erat
416 2281 548 2340 editurus
582 2288 612 2341 et
640 2283 766 2340 l'ortasse
788 2279 995 2358 inscripserat:
1019 2275 1212 2340 '’Pacaerculi
1233 2287 1259 2340 ct
1280 2276 1475 2342 Columbuli.”

227 2384 272 2444 Tu
302 2378 501 2464 ”pacaerccclio
524 2391 554 2442 et
576 2377 767 2443 columbulia”
791 2379 900 2440 nostris
922 2380 999 2440 inter
1020 2379 1136 2458 aquilas
1158 2387 1274 2441 vestras
1296 2381 1382 2442 dabis
1405 2401 1473 2461 pen·

228 2502 282 2544 nas
304 2481 333 2555 9,
356 2481 405 2554 25,
428 2480 457 2541 3.
501 2479 730 2542 ’'Passennus”
752 2481 869 2560 proprie
892 2487 1052 2559 usurpatur
1073 2480 1162 2541 etiarn
1186 2500 1203 2542 a
1226 2480 1380 2543 Cicerone.

313 2579 580 2664 Indipaatiuncula
605 2577 678 2666 (airu.
700 2579 779 2662 alp).
834 2581 900 2642 Hoc
932 2579 1108 2641 vocabulum
1142 2580 1241 2660 posuit
1273 2581 1308 2643 de
1340 2581 1473 2661 indigna·

228 2684 323 2757 tione,
346 2703 432 2764 quam
456 2684 602 2763 quondam
626 2685 718 2765 cepit,
747 2701 812 2744 curn
836 2681 966 2754 videret,
989 2690 1101 2760 quanta
1123 2681 1305 2763 negligentia
1327 2683 1478 2745 audiretur

229 2785 358 2866 quidam,
381 2784 429 2864 qui
442 2784 548 2845 librum
564 2785 710 2847 recitavit.
741 2779 1050 2865 Indignatiunculam,
1072 2802 1160 2863 quam
1174 2783 1203 2844 in
1217 2783 1372 2862 cujusdam
1391 2784 1476 2845 amici

229 2885 377 2948 auditorio
400 2885 475 2965 cepi,
498 2905 556 2947 non
579 2905 699 2965 possum
722 2885 794 2948 mihi
816 2892 983 2964 temperare
1006 2884 1161 2964 quominus
1185 2885 1264 2965 apud
1286 2893 1317 2946 te
1340 2905 1393 2964 per
1415 2884 1478 2965 epi-

229 2987 337 3048 stulam
359 2987 508 3048 effundam
530 2983 560 3058 6,
586 2981 632 3062 17,
657 2989 683 3050 1.

312 3085 425 3150 Matala
447 3081 521 3171 (ἀπ.
542 3086 615 3172 alp.)
638 3107 690 3168 pro
713 3088 820 3169 pusilla
841 3094 921 3148 meta
943 3085 1071 3166 ponitur.
1115 3085 1250 3147 Alternis
1277 3085 1391 3150 metulae
1412 3107 1479 3150 snr-

229 3196 303 3267 gunt
324 3188 354 3262 5,
376 3187 405 3260 6,
426 3188 476 3250 35.

312 3286 541 3371 offendiculum.
585 3291 684 3352 Hanc
699 3309 800 3352 vocem
829 3287 953 3350 novavit
976 3288 1012 3349 ad
1035 3287 1249 3370 impedimenta
1271 3287 1480 3367 significanda,

229 3407 294 3470 quae
325 3389 355 3450 in
389 3400 563 3470 argumento
588 3392 692 3472 scripti
720 3391 875 3470 cujusdam
903 3389 1030 3451 inerant.
1075 3389 1156 3454 Sunt
1182 3391 1212 3451 in
1244 3389 1301 3452 bac
1323 3388 1481 3473 (materia)

229 3488 408 3573 offendicula
430 3493 570 3554 nonnulla
591 3491 621 3565 9,
646 3492 693 3566 11,
717 3494 744 3553 l.

312 3659 368 3719 His
391 3680 499 3722 novam
523 3659 581 3722 vim
604 3657 757 3741 imposuit:

312 3772 423 3838 Accola
455 3796 506 3857 pro
540 3797 630 3857 parva
665 3796 736 3839 area
768 3775 887 3838 omnino
908 3774 1026 3838 dicitnr.
1069 3774 1201 3860 (Diaeta)
1224 3775 1316 3856 cingit
1337 3774 1482 3848 areolam,

229 3895 293 3957 quae
315 3887 456 3956 quattuor
478 3878 608 3958 platanis
630 3878 816 3940 inumbratur
842 3878 871 3950 5,
894 3875 923 3951 6,
945 3877 995 3939 20.
1018 3878 1067 3940 21.
1090 3871 1139 3940 27.
1183 3877 1292 3962 (Apud
1319 3876 1384 3940 (lol.
1408 3877 1481 3940 dici·

230 3984 278 4039 tur
299 3978 335 4038 de
357 3997 451 4058 parva
472 3996 542 4039 area
563 3977 642 4040 horti
663 3978 787 4040 floribus
810 3977 950 4060 consito).

311 4090 457 4177 Sportula
479 4093 596 4173 proprie
619 4095 765 4174 significat
786 4098 906 4175 qualum
929 4095 1085 4176 pusillum,
1108 4081 1193 4176 quem
1217 4095 1275 4156 cibi
1291 4096 1409 4175 plenum
1426 4114 1481 4175 pa-

159 4213 160 4216 *
229 4195 308 4255 troni
330 4195 487 4256 clientibus
509 4194 586 4268 suia,
608 4215 673 4256 cum
697 4196 735 4257 ad
757 4197 948 4259 salutandum
972 4205 1132 4269 venerant,
1154 4197 1225 4258 dare
1247 4196 1400 4269 solebant,
1429 4195 1480 4256 sed

228 4295 306 4374 apud
328 4295 459 4357 Plinium
481 4294 602 4376 ponitur
623 4296 658 4358 de
682 4297 879 4371 munusculis,
903 4317 966 4378 quae
988 4298 1058 4360 mali
1080 4306 1215 4359 oratores
1237 4297 1402 4359 orationem
1425 4296 1480 4358 ha·

229 4394 318 4456 bituri
351 4395 459 4458 vilibus
493 4395 675 4471 hominibus,
707 4397 756 4478 qui
789 4398 855 4460 ideo
888 4399 1035 4461 laudiceni
1059 4399 1253 4471 vocabantur,
1288 4398 1417 4470 dabant,
1450 4404 1481 4457 nt

228 4494 391 4558 dicentibus
414 4496 472 4558 sibi
493 4497 680 4577 plauderent.
713 4500 747 4560 In
771 4499 868 4561 media
889 4499 1013 4562 basilica
1033 4509 1098 4560 tarn
1120 4498 1218 4578 palam
1235 4495 1376 4582 aportuloe
1392 4517 1479 4579 qnam

226 4595 256 4655 in
279 4596 406 4658 triclinio
429 4599 540 4661 dantur
561 4601 590 4672 2,
615 4599 663 4674 14,
684 4601 713 4662 4.
735 4597 842 4684 (Digl.
