3226 5332
407 427 447 481 De
468 427 529 482 vita
549 430 578 482 et
599 428 755 484 elocutione
775 427 805 482 0.
827 427 914 482 Plinii
933 425 1036 482 Oaecilii
1057 425 1183 480 Secundi.
1365 423 1424 477 159

175 619 239 662 mos
270 601 429 683 scriptores
456 602 605 681 genitivus
631 612 679 664 est
706 601 897 684 frequentior,
925 620 1103 684 quamquain
1125 599 1274 662 ablativus
1296 617 1353 659 non
1379 604 1427 658 est

175 720 260 765 rarus
273 701 312 786 1).

257 834 798 921 «451511551555555551155155851115
819 838 914 918 major
936 846 966 898 et
987 837 1141 918 augustior
1161 836 1236 898 Pan.
1257 834 1287 897 8.
1321 833 1427 912 Augu-

174 937 250 1000 stior
280 935 365 1000 solito
398 957 501 1000 currus
522 941 598 1001 Pan.
620 938 670 1001 92.
704 937 775 1022 (Ov.
798 938 865 1000 Liv.
888 937 996 1020 Suet).
1046 937 1105 1000 Hic
1137 934 1427 999 commemorandum

174 1047 221 1101 est
242 1039 385 1113 Plinium,
408 1039 608 1120 praeeuntibus
630 1040 767 1102 Varrone
788 1035 985 1121 (111127,
1005 1038 1036 1125 1)
1058 1051 1088 1100 51
1110 1039 1198 1100 Livio
1221 1036 1288 1120 (38,
1303 1035 1354 1110 38,
1371 1031 1426 1118 15)

173 1139 297 1204 dixisse:
319 1141 366 1202 Ne
387 1140 453 1221 quis
474 1141 515 1202 sit
537 1141 567 1202 in
589 1151 698 1202 senatu
719 1139 819 1202 minor
833 1161 985 1204 aereorum
998 1139 1123 1220 triginta
1141 1139 1188 1212 10,
1202 1133 1242 1201 79
1258 1135 1341 1223 (83),
1358 1129 1431 1224 1²).

254 1270 413 1336 Abiotiaos
434 1274 633 1358 separationis
654 1275 801 1337 nonnullis
823 1274 922 1335 verbis
944 1274 1127 1354 adjungitur,
1148 1273 1198 1334 ubi
1214 1273 1292 1352 apud
1309 1278 1424 1332 veteres

172 1373 331 1454 scriptores
358 1375 442 1457 sequi
468 1377 544 1437 solet
565 1376 743 1456 praepositio.
786 1375 921 1438 Periculo
943 1375 1082 1460 aufertor
1103 1373 1133 1448 6,
1154 1374 1204 1448 20,
1230 1374 1277 1434 11.
1314 1369 1426 1456 (Vete-

172 1493 217 1536 res
240 1475 401 1554 scriptores
423 1487 477 1538 aut
498 1476 633 1538 dativum
648 1497 788 1560 persona
810 1484 862 1538 aut
890 1474 942 1550 ab,
964 1475 1016 1548 de,
1049 1495 1086 1539 ec
1107 1473 1333 1557 prepositiones
1356 1471 1425 1534 huic

171 1575 261 1637 verbo
289 1575 507 1656 adjunxerunt,
540 1587 592 1639 aut.
619 1576 750 1640 absolate
771 1575 961 1660 posuerunt).
1006 1572 1131 1661 (Tecta)
1154 1575 1237 1657 quasi
1260 1581 1426 1636 55551555-

172 1675 258 1738 dibus
285 1678 346 1738 5515
375 1676 544 1749 6,16,15.
574 1676 662 1762 (Hor.
685 1677 778 1762 ma).
829 1679 924 1741 Simul
949 1678 1068 1739 theatro
1101 1696 1154 1757 ego
1187 1685 1218 1738 51
1250 1672 1425 1744 Quadratus

171 1777 379 1860 egrederemur
399 1772 428 1852 7,
450 1778 500 1852 24,
522 1777 551 1841 6.
594 1777 774 1862 Egredieati
799 1798 875 1840 nave
897 1774 926 1853 7,
948 1773 999 1853 27,
1021 1779 1048 1839 3.
1076 1776 1169 1861 (Caes.
1192 1777 1227 1839 B.
1240 1775 1277 1838 G.
1290 1776 1319 1850 2,
1335 1775 1383 1847 ll,
1397 1774 1423 1836 l.

170 1877 200 1951 4,
223 1877 273 1953 24,
298 1879 324 1940 l.
346 1887 427 1959 poet.
449 1881 517 1942 Liv.
540 1889 616 1960 post.
660 1881 753 1960 Apud
782 1879 844 1942 015.
866 1879 1002 1960 sequitur
1023 1900 1060 1941 ere
1081 1875 1277 1961 praepositio).
1320 1871 1424 1936 Eece-

170 1979 241 2041 dere
262 1979 371 2059 oppido
394 1981 489 2043 visum
513 1979 542 2054 6,
557 1981 608 2053 20,
623 1975 651 2042 7.
678 1980 799 2063 (015555
821 1979 899 2042 dixit
920 1980 1004 2041 ”vita
1019 1979 1191 2054 excedera'',
1213 1979 1315 2041 Caesar
1329 1975 1424 2049 ''loco,

170 2098 270 2160 pugna
281 2081 454 2144 excedere.’'
477 2081 537 2144 05.
551 2081 643 2144 Italia
654 2082 796 2143 excedere
808 2084 842 2143 B.
855 2082 890 2144 0.
904 2076 992 2157 1,27.
1014 2081 1164 2144 Praeterea
1175 2087 1245 2142 ante
1256 2078 1374 2140 Livium
1387 2096 1425 2141 ea·

170 2181 339 2261 praepositio
361 2191 441 2244 55515
464 2181 556 2245 multo
579 2183 717 2244 usitatior
738 2183 809 2266 551).
851 2183 985 2244 Numero
1007 2182 1117 2246 civium
1139 2179 1300 2253 55511118,
1325 2177 1372 2251 18,
1393 2176 1422 2241 6.

170 2282 282 2343 Animo
308 2283 417 2346 caritas
443 2283 561 2347 aecidat
580 2285 655 2346 Pan.
670 2279 721 2346 87.
743 2282 852 2369 (Apud
875 2285 1029 2357 classicos,
1051 2285 1100 2365 qui
1115 2292 1272 2357 vocantur,
1293 2280 1423 2360 scripto-

169 2402 218 2444 res
239 2384 324 2464 sequi
344 2384 423 2446 solet
443 2405 480 2447 ea
501 2386 671 2467 praepositio
694 2385 713 2446 l.
735 2382 797 2469 de).
840 2383 963 2446 Eeilae‘t
983 2385 1127 2448 cathedra
1147 2386 1176 2458 3,
1199 2382 1249 2455 16,
1272 2383 1319 2443 12.
1349 2378 1430 2464 (Ov.

169 2485 245 2546 Met.
267 2481 297 2559 5,
319 2484 370 2546 35.
393 2485 431 2548 al.
460 2485 575 2548 Lucan.
598 2486 661 2549 015.
683 2487 774 2549 Verr.
796 2487 826 2559 2,
847 2486 898 2559 30,
919 2481 960 2548 75
992 2485 1127 2568 sequitur
1158 2485 1195 2548 de
1225 2480 1422 2564 praepositio).

169 2585 234 2647 Nos
256 2605 341 2647 amor
362 2587 553 2649 liberalitatis
575 2588 781 2651 communibus
803 2587 938 2649 avaritiae
965 2587 1091 2649 vinculis
1118 2584 1266 2650 eximebat
1291 2585 1319 2658 l,
1340 2583 1370 2657 8,
1391 2581 1422 2647 9.

170 2686 258 2748 illum
291 2687 428 2750 civilibus
462 2688 565 2751 officiis
599 2688 741 2769 principis
763 2688 895 2750 amicitia
916 2688 1024 2751 eremit
1054 2687 1084 2761 4,
1107 2687 1157 2763 24,
1178 2687 1208 2749 3.
1252 2684 1421 2771 (Incertum

171 2797 233 2860 est,
265 2797 364 2850 utrum
392 2808 446 2869 pro
468 2790 570 2852 dativo
602 2811 640 2851 sn
668 2810 721 2871 pro
750 2789 886 2851 ablativo
915 2789 961 2851 his
988 2789 1060 2851 locis
1086 2808 1173 2850 casus
1196 2787 1350 2850 habendus
1371 2787 1422 2860 sit,

169 2907 239 2950 nem
267 2899 337 2969 post
364 2889 442 2952 Livii
468 2901 606 2966 aetatem,
639 2891 841 2969 praeeuntibus
863 2890 971 2970 poetis,
993 2890 1082 2951 etiam
1104 2891 1134 2950 in
1156 2889 1255 2950 soluta
1277 2886 1422 2961 oratione,

170 2997 294 3070 utraque
311 2999 463 3053 structura
477 2993 552 3053 satis
568 2993 706 3074 frequens
721 3001 775 3054 est.
799 2991 859 3054 cfr.
874 2991 942 3053 Liv.
953 2990 983 3064 8,
999 2990 1048 3064 35,
1063 2989 1092 3052 5.
1115 2990 1166 3063 34,
1181 2989 1231 3065 52,
1249 2990 1297 3050 12.
1329 2988 1422 3069 Apud

169 3089 341 3153 Ciceronem
372 3093 457 3174 sequi
489 3094 567 3155 solet
594 3091 790 3176 praepositio).
837 3093 967 3155 Dativus
999 3111 1132 3172 persons
1165 3100 1245 3152 certo
1278 3089 1421 3171 sequitur.

156 3187 282 3260 ¹Eaime
303 3192 381 3256 hunc
402 3191 478 3256 milri
498 3195 669 3276 scrupulum
691 3193 721 3270 6,
742 3193 773 3268 8,
796 3189 824 3256 7.
868 3192 1014 3255 Similiter
1047 3213 1105 3254 non
1138 3199 1238 3273 potest
1264 3189 1421 3263 constitui,

168 3298 268 3354 utrum
299 3294 390 3355 verbo
422 3294 634 3378 arlqaiesceadi
665 3295 785 3357 dativus
818 3316 856 3357 an
890 3294 1039 3357 ablativus
1071 3294 1259 3375 adjungatur.
1309 3292 1421 3371 Magno

168 3393 299 3455 fomento
327 3395 409 3456 dolor
436 3416 520 3458 meus
542 3397 710 3479 adquiescet
736 3396 765 3470 4,
786 3397 836 3470 21,
858 3395 887 3458 4.
910 3395 940 3469 5,
963 3394 1011 3471 16,
1036 3395 1083 3457 ll.
1113 3395 1142 3470 6,
1164 3391 1193 3469 7,
1214 3397 1244 3456 2.
1265 3392 1296 3468 8,
1320 3391 1369 3467 16,
1390 3392 1420 3454 3.

169 3493 276 3577 (Sequi
303 3495 380 3556 solet
407 3497 487 3576 apud
515 3497 641 3578 optimos
668 3497 826 3579 scriptores
854 3499 886 3560 ia
908 3495 1077 3578 praepositio
1100 3516 1181 3578 sequ.
1204 3496 1290 3579 abl).
1334 3495 1423 3558 Solus

168 3593 318 3656 ablativus
345 3597 516 3678 adjungitur
542 3599 705 3677 adjectivo,
738 3599 816 3680 quod
844 3608 891 3660 est
918 3598 1066 3670 diversas,
1094 3618 1147 3678 pro
1168 3619 1188 3659 a
1209 3595 1419 3679 praepositione

169 3713 250 3775 sequ.
277 3697 337 3758 abl.
382 3694 482 3766 Quam
505 3697 656 3760 diversam
677 3700 889 3762 consuetudine
910 3699 1026 3762 illorum
1049 3699 1126 3761 Pan.
1149 3698 1198 3760 65.

251 3795 302 3858 Ad
323 3806 487 3862 extremum
503 3799 663 3880 generatim
680 3819 800 3875 moneo,
822 3800 953 3863 Plinium
968 3799 1061 3864 videri
1074 3799 1170 3863 solum
1184 3799 1349 3861 ablativum
1365 3795 1424 3859 ite-

169 3896 280 3959 rationi
302 3901 521 3980 praepositionis
548 3900 715 3981 praetulisse
739 3900 769 3962 in
797 3901 833 3962 iis
859 3902 1074 3976 locutionibus,
1105 3901 1136 3962 in
1162 3900 1269 3982 quibus
1296 3906 1421 3979 utraque

168 4005 320 4060 structura
342 4001 380 4062 ab
402 4001 468 4063 aliis
490 4010 659 4082 usurpatur.

253 4098 314 4162 Sed
336 4100 400 4163 555
422 4102 577 4166 55515555.
619 4102 721 4176 Alias,
750 4103 776 4165 si
797 4106 984 4167 commodum
1007 4103 1108 4178 fuerit,
1140 4102 1260 4164 uberius
1282 4099 1420 4163 tractabo

170 4199 339 4263 universam
362 4203 586 4282 grammaticam
610 4204 755 4265 rationem
778 4214 926 4285 argentea
948 4204 1118 4267 latinitatis.

218 4381 237 4451 ¹)
260 4387 402 4452 denast,
425 4390 441 4443 l.
458 4390 475 4443 1.
491 4390 558 4462 Peg.
578 4389 646 4455 172,
669 4389 759 4444 docuit
786 4391 860 4460 apud
882 4388 990 4444 Livium
1013 4403 1120 4457 semper
1140 4385 1221 4472 sequi
1232 4388 1288 4442 abl.
1303 4390 1331 4439 51
1345 4387 1420 4456 apud

170 4473 236 4528 Sall.
259 4482 373 4545 excepto
397 4478 539 4531 5551555.

215 4554 310 4622 2105.
332 4564 460 4636 Madvig,
489 4562 735 4636 ”Bemerkungeu'’,
767 4565 834 4637 Peg.
858 4562 908 4626 85,
931 4561 978 4614 ubi
1006 4561 1097 4629 plures
1127 4559 1179 4613 loci
1207 4559 1281 4615 Suet.
1309 4565 1337 4615 et
1369 4562 1423 4616 det.

172 4646 278 4702 laudati
299 4657 370 4705 sunt.
987 4673 989 4678 ·
