3264 5332
357 449 398 504 De
419 447 479 505 vita
499 451 528 504 et
550 447 705 504 elocutione
726 443 755 502 0.
778 444 864 500 Plinii
883 443 987 500 Caecilii
1007 443 1133 500 Secundi.
1331 449 1367 502 61

127 621 225 708 (Suet.
248 625 321 686 Juv.
344 619 437 708 Dig.).
481 621 533 684 Ad
558 621 638 683 hanc
665 641 734 682 vero
763 619 1006 700 significationem
1030 619 1116 699 quasi
1137 617 1293 680 transitum
1317 638 1373 698 pa-

126 724 239 786 ravisse
264 723 408 786 videntur
434 724 495 787 Cio.
518 724 587 786 Arc.
611 721 640 796 6,
662 721 691 796 9,
712 723 741 784 4.
780 722 831 786 ”ln
855 741 923 783 arce
945 719 1075 782 Athenis
1101 719 1187 782 statio
1210 737 1274 780 mea
1296 739 1374 781 nunc

125 825 252 906 placet.”
274 825 367 905 Verg.
390 823 467 887 Aen.
490 823 520 898 5,
545 823 612 898 128,
634 822 674 886 al.

210 925 372 988 Trousitus
399 945 452 1005 pro
481 924 665 999 transitione,
687 933 721 986 ut
743 923 820 986 dixit
841 923 932 986 Auct.
955 923 1026 984 Her.
1053 920 1124 996 1,9,
1142 920 1189 983 14.
1211 922 1241 994 4,
1257 919 1307 994 26,
1322 921 1372 994 35,

124 1028 154 1089 ic
182 1026 319 1089 oratione
347 1027 463 1089 dicitnr.
507 1027 632 1090 Utinam
663 1027 732 1087 ordo
760 1025 868 1088 saitem
896 1036 927 1087 et
948 1024 1091 1086 transitus
1113 1032 1145 1085 ot
1165 1023 1265 1104 figurae
1286 1022 1374 1084 simul

126 1135 336 1209 spectarentur
357 1129 386 1203 3,
411 1129 459 1202 13,
481 1128 510 1190 3.
533 1127 594 1190 Cir.
616 1127 645 1202 3,
667 1126 696 1201 9,
721 1127 768 1189 12.
791 1124 939 1212 (Quint).

208 1262 376 1324 Nonnullas
398 1280 485 1324 voces
507 1269 538 1324 et
559 1281 665 1324 vocum
681 1261 922 1341 significationes,
945 1266 1083 1341 quaeant
1104 1259 1182 1338 apud
1201 1259 1280 1320 solos
1301 1264 1374 1338 pot-

125 1371 174 1424 tas
198 1363 392 1425 inveniuntur
418 1371 471 1424 aut
494 1363 620 1425 rariores
642 1372 712 1424 sunt
734 1363 814 1442 apud
836 1362 994 1442 scriptores
1017 1360 1123 1422 solutae
1145 1359 1304 1432 orationis,
1327 1357 1376 1438 qui

126 1472 195 1526 ante
228 1473 418 1544 argenteam,
447 1484 513 1546 quae
546 1473 688 1537 vocatur,
718 1473 838 1525 aetatem
873 1463 1008 1535 fuerunt,
1036 1481 1094 1522 uon
1117 1461 1221 1540 putavi
1244 1459 1373 1521 alienum

125 1565 242 1628 afferre.
292 1565 366 1628 Cum
399 1584 470 1627 vero
503 1564 567 1645 ejus
600 1565 714 1644 generis
747 1584 834 1627 voces
862 1565 941 1644 apud
969 1564 1098 1626 Plinium
1122 1561 1277 1642 permultae
1299 1561 1374 1634 sint,

126 1686 245 1729 necasse
268 1667 325 1728 fuit
343 1666 455 1746 judicio
478 1666 604 1747 quodam
621 1667 650 1728 in
672 1666 709 1728 iis
731 1665 886 1728 afferendis
902 1664 946 1726 uti
962 1664 1137 1744 modumque
1154 1671 1271 1734 tenere,
1293 1661 1370 1742 quod

126 1787 197 1830 num
218 1787 337 1849 semper
358 1767 431 1830 mihi
453 1767 623 1846 contigerit,
647 1767 698 1830 alii
716 1768 861 1847 judicent.

210 1867 408 1932 Substantiva
431 1888 450 1930 a
472 1868 571 1932 verbis
587 1870 677 1932 ducta
698 1870 727 1931 in
749 1870 878 1930 ers-et-io
900 1867 1050 1941 exeuntia,
1073 1885 1136 1946 quae
1159 1863 1308 1927 nonnullis
1329 1864 1375 1925 lo-

127 1970 171 2033 cis
194 1971 275 2051 apud
298 1970 463 2051 superiores
485 1969 645 2051 scriptores
666 1969 770 2033 iisdem
793 1968 1058 2050 significationibus
1080 1966 1185 2048 quibus
1208 1966 1288 2047 apud
1309 1965 1375 2027 Pli-

128 2071 210 2134 nium
232 2071 435 2146 inveniuntur‚
456 2072 520 2136 haec
543 2073 605 2134 fere
627 2073 801 2135 annotanda
824 2072 941 2151 putavi:

211 2170 402 2236 Adclamatio
424 2174 460 2236 de
481 2172 517 2236 iis
540 2173 660 2247 dicitur,
684 2174 733 2254 qui
756 2174 884 2237 clamore
906 2174 1070 2237 orationem
1092 2168 1219 2234 dicentis
1241 2169 1375 2231 laudant.

127 2275 162 2337 In
192 2273 317 2337 dicendo
346 2275 583 2337 adsentationem
615 2275 693 2354 vulgi
715 2273 1020 2359 adclamatiouemque
1041 2273 1201 2353 defugerim
1225 2271 1252 2346 1,
1274 2269 1304 2345 8,
1329 2262 1375 2332 17.

130 2375 191 2438 cfr.
214 2376 288 2438 Pan.
311 2376 340 2437 3.
363 2370 412 2438 71.
435 2371 483 2439 73.
534 2376 607 2438 Post
635 2376 753 2439 Livium
782 2377 825 2438 sic
854 2377 945 2439 locuti
970 2385 1041 2438 sunt
1069 2371 1207 2456 permulti
1228 2379 1376 2453 argentea

126 2476 225 2539 aetatis
247 2475 415 2556 scriptores.
840 2463 842 2466 ¹

210 2573 362 2660 Adflotus.
404 2578 530 2659 Propria
557 2578 772 2658 significatione
795 2587 864 2660 post
886 2577 1025 2640 Ovidium
1049 2584 1080 2639 et
1100 2576 1219 2639 Livium
1241 2576 1297 2638 hoo
1322 2594 1376 2636 vo·

127 2678 232 2740 cabulo
264 2679 427 2759 saepissime
459 2679 506 2741 usi
538 2685 609 2742 sunt
641 2689 790 2760 argenteae
821 2679 921 2742 aetatis
949 2680 1116 2761 scriptores.
1159 2673 1316 2760 Adflotum
1342 2696 1379 2738 ex

127 2777 282 2859 Apennini
304 2779 432 2841 vallibus
454 2780 483 2854 5,
505 2778 534 2855 6,
557 2778 606 2842 29.
649 2781 752 2844 Cicero
774 2801 828 2862 per
849 2782 953 2842 transl.
975 2801 1053 2862 saepe
1075 2780 1183 2860 posuit.

209 2877 332 2941 Auctus.
369 2881 467 2943 Statis
489 2880 626 2944 auctibus
647 2882 754 2945 crescit
768 2882 970 2964 decrescitque
986 2878 1084 2968 (fons)
1107 2880 1136 2955 4,
1152 2880 1202 2954 30,
1218 2881 1246 2941 2.
1270 2877 1378 2965 (Varr.

126 2979 215 3042 Lucr.
237 2981 304 3042 Liv.
326 2981 506 3062 posteriores
520 2979 561 3066 ¹).

210 3077 368 3144 Couoeutio
396 3102 449 3163 pro
470 3092 608 3145 conuento
630 3103 698 3145 raro
720 3085 798 3163 apud
822 3084 999 3147 Sallustium
1014 3080 1044 3167 ²)
1067 3090 1097 3143 et
1118 3081 1237 3144 Livium
1260 3081 1378 3144 inveni-

128 3188 184 3256 tur,
214 3182 321 3264 saepius
348 3184 426 3263 apud
448 3184 608 3265 scriptores
631 3194 778 3264 argenteae
799 3184 907 3247 aetatis.
951 3185 1085 3247 Eandem
1109 3180 1306 3268 (portionem)
1328 3190 1379 3245 ta-

128 3282 188 3345 cita
209 3282 398 3346 conuentione
420 3284 535 3345 salvam
558 3284 631 3346 mihi
653 3285 849 3365 pollicebatur
869 3284 899 3358 5,
922 3287 950 3361 1,
972 3288 1000 3349 2.

210 3381 387 3446 Discursus.
423 3384 490 3455 Quo
513 3385 652 3448 discursu
673 3387 845 3449 aedilitatem
868 3388 969 3468 petiit!
991 3386 1020 3460 8,
1043 3387 1093 3461 23,
1115 3385 1143 3448 5.
1176 3385 1237 3449 Cir.
1263 3386 1290 3460 l,
1305 3383 1335 3459 9,
1349 3378 1378 3447 7.

128 3482 213 3567 (Juv.
236 3483 367 3568 Quint).
411 3485 546 3548 Dicentis
574 3485 728 3549 discursus
750 3489 779 3562 2,
804 3486 851 3562 19,
873 3491 901 3550 2.
943 3489 1048 3550 Nubes
1071 3487 1146 3568 ignei
1168 3487 1291 3568 spiritus
1312 3493 1378 3548 tor-

131 3584 171 3646 tis
193 3583 378 3666 vibratisque
400 3585 588 3648 discursibus
609 3595 696 3668 rupta
718 3588 747 3662 6,
770 3590 821 3662 20,
843 3587 871 3651 9.
894 3589 989 3674 (Hirt.
1011 3589 1067 3652 Ov.
1090 3585 1184 3672 Lim).

210 3681 335 3748 Eiectio.
378 3684 561 3750 Eiectiocem
592 3688 681 3762 dare,
709 3689 898 3772 permittere,
931 3689 1040 3774 offerre
1072 3709 1124 3770 pro
1148 3708 1199 3763 eo,
1232 3688 1308 3770 qnod
1331 3694 1377 3750 est

130 3784 209 3866 apud
232 3785 360 3866 optimos
382 3787 542 3868 scriptores
565 3787 713 3870 optionem
734 3790 821 3864 dore,
842 3791 960 3875 fucare,
981 3790 1095 3854 Plinius
1119 3800 1149 3852 et
1170 3789 1298 3871 aequales
1320 3788 1377 3849 ali-

129 3894 199 3966 quot
221 3885 374 3961 dixerunt,
395 3888 516 3951 Livium
538 3891 665 3952 fortasse
686 3891 797 3965 secuti,
820 3891 869 3973 qui
885 3892 1087 3955 '’Electionem
1106 3891 1201 3953 ferre''
1223 3890 1272 3963 34,
1287 3886 1334 3962 19,
1346 3889 1378 3961 3,

130 3985 326 4069 '’Relinquere
342 3988 536 4051 electionem''
552 3989 603 4064 38,
615 3988 676 4064 8,5
699 3991 784 4052 dixit.
821 3991 854 4054 Si
876 4001 976 4056 tamen
999 3994 1086 4056 detur
1107 3989 1205 4055 electio
1227 3990 1316 4064 1,20,
1327 3989 1377 4051 22.

131 4084 224 4169 (Veli.
252 4087 350 4171 Sem).
403 4087 589 4153 Electiorrcm
622 4091 807 4154 auditoribus
834 4093 983 4175 permittit
1017 4096 1047 4168 2,
1070 4095 1099 4167 3,
1121 4093 1148 4154 2.
1195 4088 1378 4151 Eiactionsm
1452 4115 1455 4123 ¹

132 4186 187 4248 loci
210 4188 284 4250 mihi
306 4187 473 4254 obtulerant
493 4192 545 4266 10,
566 4190 587 4253 8
610 4188 690 4276 (24),
712 4194 742 4267 2,
784 4193 900 4257 Eadem
931 4197 960 4257 vi
983 4195 1090 4257 dicitur
1110 4195 1140 4268 2,
1162 4190 1191 4266 6,
1212 4193 1379 4274 2potestas

132 4283 266 4372 stipendi.

132 4412 326 4426 ——ss

178 4488 203 4556 ¹)
226 4491 387 4544 Praeteriens
410 4509 513 4556 moneo,
536 4511 588 4548 non
611 4497 698 4550 solum
721 4499 793 4567 apud
819 4498 877 4553 Liv.
895 4499 942 4562 29,
961 4498 1009 4559 27,
1027 4498 1054 4558 3,
1077 4503 1108 4550 ut
1131 4497 1269 4550 contendit
1282 4497 1382 4564 Krebs,

133 4577 177 4628 sed
200 4578 282 4632 etiam
305 4578 364 4633 Liv.
389 4578 417 4644 4,
442 4580 469 4644 2,
494 4580 511 4634 2
535 4588 643 4638 exstare
667 4585 736 4638 hanc
759 4603 857 4641 vocem.

176 4672 200 4748 ²)
223 4679 288 4736 Sall.
310 4681 394 4737 ''Hist
417 4682 481 4740 iuc.''
506 4683 553 4743 58.
