3226 5332
348 452 388 508 De
410 451 470 510 vite
490 455 520 509 et
541 453 696 510 elocutione
717 450 747 510 0.
759 451 856 538 ³Plinii
868 452 979 511 Caecilii
1001 455 1127 511 Secundi.
1304 453 1361 510 151

202 625 342 711 Fingenti
367 625 443 690 milri
467 626 630 708 principem
658 627 735 690 Pan.
757 627 787 689 4.
830 628 879 692 Ea
906 629 1036 693 maxime
1064 626 1139 690 inihi
1170 645 1236 708 quae
1266 624 1365 686 maxi-

117 749 163 792 me
185 729 340 790 abominor
353 728 441 816 flnpo
462 727 492 804 6,
513 727 544 802 4,
565 727 595 790 4.
639 725 707 814 (810
734 747 792 790 non
820 729 915 792 solum
939 733 1029 810 Verg.
1051 730 1117 792 Ecl.
1137 727 1168 804 8,
1192 725 1251 789 108
1272 725 1365 800 dixit,

116 831 144 892 id
173 830 251 912 quod
279 830 434 893 contendit
455 828 647 901 Holsrenius,
679 828 732 890 sed
755 829 845 892 etiarn
868 831 957 912 Prop.
980 835 1010 905 2,
1032 830 1061 906 6,
1083 824 1112 892 7.
1155 827 1264 890 Tibull.
1288 827 1315 900 1,
1336 826 1366 902 5,

116 933 169 1006 35,
197 939 287 1011 atque
314 930 376 1012 ipse
408 930 470 993 010.
492 929 565 992 Νο1.
587 931 676 992 Deor.
699 930 728 1003 3,
752 929 800 1005 18,
822 924 873 994 47.
905 934 1035 1014 11002,
1059 931 1138 1006 1,3.
1171 930 1246 993 bas.
1267 929 1304 990 Β.
1326 926 1365 990 0.

115 1029 144 1108 6,
167 1029 217 1105 37,
238 1031 282 1112 8).

198 1132 315 1213 Sepias
329 1131 427 1194 verbio
440 1130 586 1216 copulatio
600 1130 719 1194 dativus
732 1132 922 1215 subjungitur
935 1153 989 1215 pro
1004 1131 1281 1214 praepositionibus,
1302 1150 1367 1214 qun

115 1241 186 1297 sunt
208 1233 395 1296 usitatiores:
897 1277 899 1282 ·
1300 1283 1301 1286 ¹

188 1334 294 1398 -Litori
325 1333 448 1417 abrepta
478 1333 510 1408 8,
532 1335 582 1408 20,
603 1333 744 1418 8-(8001.
779 1335 869 1417 Sequi
895 1335 972 1398 solet
1003 1355 1040 1399 ec
1061 1334 1231 1416 praepositio
1253 1333 1300 1394 vel
1322 1331 1367 1417 0).

114 1436 238 1500 confido
260 1455 449 1497 centenorum
479 1444 509 1497 te
533 1437 690 1500 sententiae
722 1457 796 1500 meae
827 1437 862 1512 4,
890 1438 939 1512 10,
965 1438 993 1500 3.
1037 1435 1131 1520 (Vell.
1161 1433 1266 1506 Quint.
1294 1435 1366 1498 Tac.

113 1537 152 1600 al.
196 1537 233 1598 In
265 1537 376 1598 talibus
408 1536 621 1611 locutionibus,
655 1537 705 1599 ubi
732 1537 869 1600 accedere
895 1539 974 1600 idem
1009 1536 1174 1616 significat,
1207 1535 1285 1616 qued
1317 1556 1367 1597 ae-

113 1637 234 1712 sentiri,
256 1647 372 1699 veteres
398 1638 557 1718 scriptores
581 1638 730 1716 particula
751 1639 793 1700 cd
818 1636 1007 1723 utebantur).
1044 1637 1106 1700 etr.
1128 1635 1263 1700 Accessit
1288 1635 1367 1696 rele-

113 1737 195 1818 genti
217 1739 247 1812 8,
271 1738 326 1813 14,
348 1739 398 1800 24.
428 1739 455 1812 l,
480 1739 536 1812 20,
562 1737 611 1801 25.
658 1740 809 1802 Praeterea
830 1739 1120 1802 cenrmemorandnm
1142 1747 1205 1811 001,
1235 1736 1367 1798 Plinium

113 1840 238 1902 dixisse:
271 1838 394 1901 Accedit
420 1837 481 1912 iris,
514 1839 594 1923 quod
622 1841 651 1914 2,
677 1838 725 1913 19,
747 1840 776 1902 5.
802 1835 944 1914 4,12,7
973 1860 1025 1922 pro
1051 1859 1101 1913 ec,
1133 1840 1210 1921 quod
1238 1845 1283 1899 est
1309 1835 1367 1900 huc

114 1940 238 2015 accedit,
271 1940 367 2024 quod,
399 1940 446 2002 vel
478 1940 573 2000 selum
603 1941 732 2016 accedit,
761 1942 860 2025 quod:
892 1960 1017 2023 eumque
1039 1961 1123 2021 paene
1146 1959 1263 2019 semper
1283 1957 1367 2000 cccc-

113 2041 205 2103 dendi
227 2042 316 2103 verbo
339 2041 502 2122 subjecisse
524 2041 668 2103 dativum.
701 2043 816 2104 Eadem
839 2044 900 2104 fere
922 2042 1000 2104 ratio
1022 2052 1067 2104 est
1088 2041 1172 2103 verbi
1192 2038 1367 2124 adjiciendi.

113 2141 189 2227 (Gir.
212 2144 242 2216 2,
267 2136 315 2215 17,
337 2143 386 2204 21.
408 2142 439 2215 4,
461 2142 510 2216 25,
531 2141 561 2204 4.
584 2141 611 2203 5.
635 2143 700 2223 01).
737 2142 871 2214 Quorum
887 2141 1108 2208 recitationibus
1130 2141 1212 2204 adfui
1235 2141 1263 2214 l,
1278 2140 1326 2212 13,
1337 2138 1366 2202 6.

113 2243 279 2328 (Usitatior
300 2252 347 2305 est
368 2242 409 2304 ad
430 2242 601 2323 praepositio
624 2243 669 2304 vel
691 2243 733 2316 in,
756 2263 934 2325 quamquam
952 2265 989 2307 ne
1012 2242 1118 2324 optimi
1135 2242 1254 2324 quidem
1270 2240 1367 2320 scrip-

113 2353 192 2406 tores
215 2345 348 2406 dativum
376 2363 496 2424 prorsus
522 2345 678 2424 aspernati
710 2343 806 2430 sunt).
850 2345 947 2407 Velut
974 2344 1120 2408 cumbulae
1142 2341 1286 2406 onerariis
1308 2339 1366 2402 ad-

114 2443 276 2507 hoereecunt
296 2444 327 2518 8,
349 2445 399 2518 20,
421 2440 450 2506 7.
483 2443 588 2529 (Verg.
611 2446 685 2508 Hor.
707 2447 792 2508 Inter
817 2447 924 2509 soletae
952 2446 1096 2509 orationis
1124 2443 1282 2524 scriptores
1303 2443 1367 2524 pri-

115 2565 178 2607 mus
201 2545 304 2608 Livius
327 2544 378 2631 (5,
400 2540 451 2620 47,
472 2545 507 2630 5)
535 2541 744 2608 ’'adhereant”
771 2547 861 2609 verbo
888 2549 1006 2628 proprie
1032 2547 1130 2628 posite
1159 2545 1293 2606 dativum
1307 2543 1367 2606 01-

114 2646 200 2708 detur
221 2644 411 2729 subjecisse).
455 2643 626 2710 Adhibetur
648 2647 777 2710 consiliis
800 2645 828 2722 6,
853 2648 900 2720 15,
922 2648 952 2710 3.
986 2647 1085 2732 (Rara
1113 2647 1156 2708 010
1183 2646 1292 2708 dicitur
1312 2663 1366 2725 pro

114 2747 161 2822 in,
183 2746 224 2808 ad
244 2745 419 2822 consitium,
441 2748 494 2808 sed
517 2748 622 2826 legitur
642 2756 744 2809 tamen
768 2748 843 2810 Caes.
866 2749 902 2810 Β.
925 2748 962 2811 0.
985 2747 1014 2822 6,
1039 2749 1086 2823 13,
1111 2749 1137 2811 l.
1161 2747 1223 2810 010.
1244 2745 1314 2808 1110.
1338 2747 1367 2821 l,

114 2848 163 2920 43,
185 2847 235 2910 95.
278 2845 505 2910 Adhibebamur
537 2868 619 2910 cenae
647 2848 676 2923 6,
698 2849 748 2923 31,
773 2850 819 2910 13.
853 2847 930 2932 (on.
952 2850 1019 2913 Liv.
1041 2849 1092 2924 23,
1114 2848 1145 2922 8,
1167 2847 1196 2911 5.
1234 2846 1367 2910 ’00001-

114 2949 162 3010 010
184 2949 373 3010 adhibiturus
396 2944 505 3031 eret'').
548 2947 713 3010 Admotum
736 2951 801 3030 jam
824 2949 916 3012 labris
939 2950 1076 3032 poculum
1098 2949 1213 3011 reddidi
1235 2943 1264 3023 7,
1288 2948 1315 3022 1,
1335 2947 1366 3012 4.

114 3049 220 3133 (Verg.
244 3049 310 3112 Liv.
333 3050 384 3122 23,
404 3044 454 3122 37,
476 3051 504 3110 2.
526 3047 630 3132 post).
672 3047 861 3134 Adplicitunn
882 3060 929 3114 est
950 3051 1084 3113 cubicula
1110 3050 1312 3134 hypocauston
1335 3052 1366 3123 2,

117 3145 161 3224 17,
183 3152 234 3212 23.
257 3149 342 3236 (1.10.
363 3151 414 3226 23,
436 3146 487 3225 27,
510 3146 538 3224 7,
560 3148 624 3234 01).
667 3152 727 3214 Ρο1
747 3151 974 3214 translationem
997 3150 1120 3214 dieitur:
1154 3149 1368 3222 0000101001-

112 3253 177 3314 dem
199 3251 276 3314 talia
297 3251 422 3314 crimina
444 3249 670 3335 adplicnrcntnr
693 3253 741 3326 10,
755 3251 796 3314 58
813 3250 895 3336 (66),
910 3252 939 3315 4.
970 3251 1170 3316 Universitati
1185 3253 1248 3332 ejus
1259 3252 1367 3314 adten-

111 3351 166 3415 dos
197 3354 223 3425 l,
248 3352 278 3426 8,
300 3353 329 3414 3.
352 3348 381 3428 7,
403 3350 456 3427 26,
479 3355 507 3414 2.
551 3353 607 3416 001
636 3353 729 3433 magis
752 3373 840 3435 quam
866 3352 979 3416 Caesari
1001 3347 1186 3416 adtendant?
1217 3354 1293 3417 Pan.
1316 3351 1366 3417 65.

111 3451 212 3540 (Suet.
236 3453 291 3516 Sil.
313 3453 442 3514 Veteres
472 3453 632 3534 scriptores
661 3454 801 3517 dicebant
828 3454 980 3517 '’animum
1002 3456 1162 3518 adtendere
1185 3452 1271 3541 ad'’).
1314 3453 1367 3517 Si-

111 3555 234 3618 militer:
263 3554 353 3618 Nune
373 3552 491 3616 intende
513 3554 604 3628 libro,
629 3574 715 3634 quem
738 3575 805 3618 cum
828 3555 883 3618 hac
906 3556 1036 3636 epistula
1058 3554 1312 3637 00010100819,
1334 3559 1365 3620 2.

109 3655 302 3738 (”10100100”
324 3654 512 3736 participium
535 3655 625 3716 etiam
648 3656 727 3736 apud
750 3655 823 3719 Sall.
846 3664 877 3718 et
897 3657 966 3720 Liv.
987 3677 1067 3738 saepe
1089 3657 1277 3738 conjungitur
1299 3676 1365 3719 00111

110 3754 239 3839 dativo).
282 3756 351 3818 Non
374 3764 408 3819 tu
430 3755 528 3829 falsis,
550 3775 610 3818 non
632 3765 665 3819 tu
687 3756 796 3838 iniquis
818 3758 929 3820 tabulis
951 3758 1110 3822 advoceris
1124 3759 1200 3821 Pan.
1216 3758 1265 3821 43.
1289 3755 1364 3843 (Ov.

110 3858 182 3919 Hor.
206 3854 312 3926 Quint.
337 3857 385 3932 ll,
408 3857 436 3931 1,
457 3854 507 3918 39.
562 3856 682 3920 ''Etiam
714 3859 744 3918 in
778 3857 825 3920 hie
857 3859 971 3933 censis,
1003 3860 1110 3941 quibus
1142 3855 1364 3943 advocamur’').

109 3957 220 4022 Secrus
253 3976 318 4020 maa
348 3955 488 4019 01001010
519 3956 643 4036 genibus
678 3959 705 4031 l,
728 3957 776 4031 18,
799 3959 828 4020 3.
856 3957 886 4034 9,
908 3961 958 4022 21.
984 3962 1009 4023 l.
1043 3958 1126 4045 (Liv.
1147 3959 1237 4040 Prop.
1259 3957 1363 4046 post).

107 4057 281 4139 Frigidariae
310 4059 393 4120 cellae
421 4057 581 4120 conectitur
612 4058 713 4120 media
739 4059 769 4134 5,
789 4058 819 4133 6,
839 4058 880 4122 26
907 4059 1012 4145 (Luor.
1034 4063 1064 4134 2,
1084 4054 1155 4121 703.
1178 4068 1257 4138 pest.
1304 4061 1364 4122 Per

108 4159 335 4222 translationem
358 4159 420 4222 010.
443 4157 522 4244 (Ρ10.
544 4158 574 4233 5,
599 4157 653 4243 11)
675 4161 764 4222 dixit:
794 4156 1257 4245 ’000001111000115000100”).
1300 4160 1362 4224 Mi-

108 4281 205 4324 nervae
228 4269 259 4322 et
280 4257 566 4323 Dianaeconvenire
588 4279 647 4322 non
669 4259 815 4342 0000119,
840 4262 889 4335 10,
914 4264 940 4324 1.
976 4261 1080 4348 (80101
1101 4260 1160 4323 diei
1182 4260 1361 4324 ’'convenire

106 4361 204 4424 inter'’
230 4381 311 4442 sequ.
335 4357 426 4445 aaa).
473 4359 614 4442 Epistula
646 4361 828 4443 malignitati
860 4361 1120 4443 interpretantium
1148 4360 1309 4446 ecponitur
1331 4361 1361 4438 5,

106 4457 135 4538 7,
157 4461 187 4525 6.
210 4459 282 4547 (00.
298 4464 372 4524 Μο1.
396 4463 444 4536 13,
466 4454 536 4524 726.
559 4469 637 4542 post.
665 4463 732 4526 Lis.
754 4464 805 4538 42,
827 4464 878 4538 23,
900 4465 919 4527 9
940 4463 982 4525 ad
1003 4462 1177 4544 praepositio
1199 4461 1359 4549 seqnitur).

106 4563 189 4634 Quos
217 4561 366 4649 (libellos)
388 4563 444 4625 tibi
466 4563 705 4646 hendecasyllabi
730 4565 824 4627 nostri
849 4564 1003 4628 blanditiis
1029 4559 1132 4627 0110010
1153 4582 1212 4626 000
1234 4573 1361 4646 possunt

98 4664 136 4741 ,5,
152 4665 191 4727 10
207 4661 290 4749 (11),
305 4665 334 4726 2.
370 4662 457 4749 (10111
479 4666 559 4745 apud
580 4663 681 4730 Plaut.
701 4665 927 4742 Τ110.2,2,13
949 4663 1070 4746 legitur:
1093 4662 1275 4730 ‘’Lacrumas
1295 4666 1359 4732 haec
