<?xml version="1.0" encoding="UTF-8"?>
<!DOCTYPE html PUBLIC "-//W3C//DTD XHTML 1.0 Transitional//EN"
    "http://www.w3.org/TR/xhtml1/DTD/xhtml1-transitional.dtd">
<html xmlns="http://www.w3.org/1999/xhtml" xml:lang="en" lang="en">
 <head>
  <title>
</title>
<meta http-equiv="Content-Type" content="text/html;charset=utf-8" />
  <meta name='ocr-system' content='tesseract 3.04.00' />
  <meta name='ocr-capabilities' content='ocr_page ocr_carea ocr_par ocr_line ocrx_word'/>
</head>
<body>
  <div class='ocr_page' id='page_1' title='image "./devitaetelocuti00lagegoog_0030.png"; bbox 0 0 3264 5332; ppageno 0'>
   <div class='ocr_carea' id='block_1_1' title="bbox 357 415 1371 474">
    <p class='ocr_par' dir='ltr' id='par_1_1' title="bbox 357 415 1371 474">
     <span class='ocr_line' id='line_1_1' title="bbox 357 415 1371 474; baseline -0.002 -2"><span class='ocrx_word' id='word_1_1' title='bbox 357 418 397 472; x_wconf 91' lang='lat' dir='ltr'>De</span> <span class='ocrx_word' id='word_1_2' title='bbox 419 418 479 474; x_wconf 82' lang='lat' dir='ltr'>vite</span> <span class='ocrx_word' id='word_1_3' title='bbox 500 423 529 473; x_wconf 90' lang='lat' dir='ltr'>et</span> <span class='ocrx_word' id='word_1_4' title='bbox 550 418 704 474; x_wconf 70' lang='lat' dir='ltr'>elocutione</span> <span class='ocrx_word' id='word_1_5' title='bbox 725 417 755 472; x_wconf 77' lang='lat'>0.</span> <span class='ocrx_word' id='word_1_6' title='bbox 778 417 863 474; x_wconf 86' lang='lat' dir='ltr'>Plinii</span> <span class='ocrx_word' id='word_1_7' title='bbox 883 416 986 472; x_wconf 79' lang='lat' dir='ltr'>Oaeeilii</span> <span class='ocrx_word' id='word_1_8' title='bbox 1006 415 1132 470; x_wconf 77' lang='lat' dir='ltr'><strong>Secundi.</strong></span> <span class='ocrx_word' id='word_1_9' title='bbox 1332 417 1371 471; x_wconf 82' lang='lat'>23</span> 
     </span>
    </p>
   </div>
   <div class='ocr_carea' id='block_1_2' title="bbox 120 588 1373 1359">
    <p class='ocr_par' dir='ltr' id='par_1_2' title="bbox 123 588 1372 774">
     <span class='ocr_line' id='line_1_2' title="bbox 125 588 1372 669; baseline -0.002 -15"><span class='ocrx_word' id='word_1_10' title='bbox 125 591 240 654; x_wconf 88' lang='lat' dir='ltr'>beam.”</span> <span class='ocrx_word' id='word_1_11' title='bbox 283 590 345 654; x_wconf 80' lang='lat' dir='ltr'>cfr.</span> <span class='ocrx_word' id='word_1_12' title='bbox 374 590 437 654; x_wconf 79' lang='lat' dir='ltr'>(lie.</span> <span class='ocrx_word' id='word_1_13' title='bbox 465 590 545 654; x_wconf 87' lang='lat' dir='ltr'>Sest.</span> <span class='ocrx_word' id='word_1_14' title='bbox 572 593 631 664; x_wconf 81' lang='lat'>22,</span> <span class='ocrx_word' id='word_1_15' title='bbox 655 589 705 652; x_wconf 88' lang='lat'>49.</span> <span class='ocrx_word' id='word_1_16' title='bbox 748 588 936 664; x_wconf 65' lang='lat' dir='ltr'>”Videbam</span> <span class='ocrx_word' id='word_1_17' title='bbox 969 590 1115 652; x_wconf 88' lang='lat' dir='ltr'>neminem</span> <span class='ocrx_word' id='word_1_18' title='bbox 1138 607 1277 669; x_wconf 89' lang='lat' dir='ltr'>nmquam</span> <span class='ocrx_word' id='word_1_19' title='bbox 1300 591 1372 664; x_wconf 83' lang='lat' dir='ltr'>iore,</span> 
     </span>
     <span class='ocr_line' id='line_1_3' title="bbox 123 689 1262 774; baseline -0.004 -20"><span class='ocrx_word' id='word_1_20' title='bbox 123 692 172 774; x_wconf 89' lang='lat' dir='ltr'>qui</span> <span class='ocrx_word' id='word_1_21' title='bbox 194 691 321 754; x_wconf 79' lang='lat' dir='ltr'>auderet</span> <span class='ocrx_word' id='word_1_22' title='bbox 341 691 490 771; x_wconf 79' lang='lat' dir='ltr'><strong>suscipere</strong></span> <span class='ocrx_word' id='word_1_23' title='bbox 513 702 619 754; x_wconf 85' lang='lat' dir='ltr'>eontra</span> <span class='ocrx_word' id='word_1_24' title='bbox 640 691 792 772; x_wconf 89' lang='lat' dir='ltr'>improbos</span> <span class='ocrx_word' id='word_1_25' title='bbox 815 691 893 753; x_wconf 88' lang='lat' dir='ltr'>cives</span> <span class='ocrx_word' id='word_1_26' title='bbox 914 691 1040 752; x_wconf 88' lang='lat' dir='ltr'>salutem</span> <span class='ocrx_word' id='word_1_27' title='bbox 1064 689 1262 771; x_wconf 83' lang='lat' dir='ltr'>reipublicae.”</span> 
     </span>
    </p>

    <p class='ocr_par' dir='ltr' id='par_1_3' title="bbox 120 789 1373 1359">
     <span class='ocr_line' id='line_1_4' title="bbox 206 789 1372 877; baseline -0.002 -24"><span class='ocrx_word' id='word_1_28' title='bbox 206 791 257 853; x_wconf 87' lang='lat' dir='ltr'>”T</span> <span class='ocrx_word' id='word_1_29' title='bbox 252 791 298 854; x_wconf 81' lang='lat' dir='ltr'>eri</span> <span class='ocrx_word' id='word_1_30' title='bbox 325 790 450 854; x_wconf 81' lang='lat' dir='ltr'>multum</span> <span class='ocrx_word' id='word_1_31' title='bbox 471 793 588 855; x_wconf 78' lang='lat' dir='ltr'>uersari</span> <span class='ocrx_word' id='word_1_32' title='bbox 608 792 641 854; x_wconf 78' lang='lat' dir='ltr'>in</span> <span class='ocrx_word' id='word_1_33' title='bbox 662 791 763 876; x_wconf 80' lang='lat' dir='ltr'>eliqua</span> <span class='ocrx_word' id='word_1_34' title='bbox 786 813 833 864; x_wconf 87' lang='lat' dir='ltr'>re,</span> <span class='ocrx_word' id='word_1_35' title='bbox 859 792 1005 866; x_wconf 72' lang='lat' dir='ltr'>exerceri,</span> <span class='ocrx_word' id='word_1_36' title='bbox 1020 790 1157 877; x_wconf 68' lang='lat' dir='ltr'>fatigari</span> <span class='ocrx_word' id='word_1_37' title='bbox 1176 790 1210 864; x_wconf 84' lang='lat'>2,</span> <span class='ocrx_word' id='word_1_38' title='bbox 1231 789 1263 864; x_wconf 81' lang='lat'>3,</span> <span class='ocrx_word' id='word_1_39' title='bbox 1285 790 1315 852; x_wconf 91' lang='grc'>5.</span> <span class='ocrx_word' id='word_1_40' title='bbox 1343 790 1372 863; x_wconf 91' lang='grc'>7,</span> 
     </span>
     <span class='ocr_line' id='line_1_5' title="bbox 121 888 1371 973; baseline -0.004 -17"><span class='ocrx_word' id='word_1_41' title='bbox 121 894 153 966; x_wconf 81' lang='grc'>3,</span> <span class='ocrx_word' id='word_1_42' title='bbox 168 893 200 955; x_wconf 80' lang='grc'>3.</span> <span class='ocrx_word' id='word_1_43' title='bbox 222 892 387 966; x_wconf 76' lang='lat'>8‚12‚3.”</span> <span class='ocrx_word' id='word_1_44' title='bbox 412 893 537 972; x_wconf 80' lang='lat' dir='ltr'>Legitur</span> <span class='ocrx_word' id='word_1_45' title='bbox 557 895 587 968; x_wconf 84' lang='lat'>2,</span> <span class='ocrx_word' id='word_1_46' title='bbox 599 895 629 969; x_wconf 88' lang='grc'>3,</span> <span class='ocrx_word' id='word_1_47' title='bbox 642 893 673 955; x_wconf 91' lang='lat'>5:</span> <span class='ocrx_word' id='word_1_48' title='bbox 697 893 775 964; x_wconf 82' lang='lat' dir='ltr'>”Qui</span> <span class='ocrx_word' id='word_1_49' title='bbox 796 893 825 954; x_wconf 93' lang='lat' dir='ltr'>in</span> <span class='ocrx_word' id='word_1_50' title='bbox 850 895 911 955; x_wconf 87' lang='lat' dir='ltr'>foro</span> <span class='ocrx_word' id='word_1_51' title='bbox 934 892 1070 973; x_wconf 88' lang='lat' dir='ltr'>verisque</span> <span class='ocrx_word' id='word_1_52' title='bbox 1092 891 1196 954; x_wconf 88' lang='lat' dir='ltr'>litibus</span> <span class='ocrx_word' id='word_1_53' title='bbox 1219 888 1371 953; x_wconf 87' lang='lat' dir='ltr'>terimur.&#39;’</span> 
     </span>
     <span class='ocr_line' id='line_1_6' title="bbox 121 991 1373 1076; baseline -0.003 -20"><span class='ocrx_word' id='word_1_54' title='bbox 121 995 182 1057; x_wconf 76' lang='lat' dir='ltr'>(lfr.</span> <span class='ocrx_word' id='word_1_55' title='bbox 205 993 272 1056; x_wconf 89' lang='lat' dir='ltr'>Liv.</span> <span class='ocrx_word' id='word_1_56' title='bbox 296 992 325 1066; x_wconf 88' lang='grc'>6,</span> <span class='ocrx_word' id='word_1_57' title='bbox 347 993 377 1069; x_wconf 92' lang='grc'>8,</span> <span class='ocrx_word' id='word_1_58' title='bbox 403 994 449 1055; x_wconf 89' lang='grc'><em>10.</em></span> <span class='ocrx_word' id='word_1_59' title='bbox 482 994 548 1056; x_wconf 91' lang='lat' dir='ltr'>”Ne</span> <span class='ocrx_word' id='word_1_60' title='bbox 570 1004 721 1076; x_wconf 85' lang='lat' dir='ltr'>tamquam</span> <span class='ocrx_word' id='word_1_61' title='bbox 744 994 839 1073; x_wconf 90' lang='lat' dir='ltr'>Vejos</span> <span class='ocrx_word' id='word_1_62' title='bbox 863 1001 1070 1074; x_wconf 88' lang='lat' dir='ltr'>oppugnantes</span> <span class='ocrx_word' id='word_1_63' title='bbox 1092 993 1122 1054; x_wconf 91' lang='lat' dir='ltr'>in</span> <span class='ocrx_word' id='word_1_64' title='bbox 1146 1012 1233 1072; x_wconf 87' lang='lat' dir='ltr'>opere</span> <span class='ocrx_word' id='word_1_65' title='bbox 1256 991 1373 1069; x_wconf 90' lang='lat' dir='ltr'>longin-</span> 
     </span>
     <span class='ocr_line' id='line_1_7' title="bbox 120 1091 1373 1176; baseline -0.002 -20"><span class='ocrx_word' id='word_1_66' title='bbox 120 1115 177 1176; x_wconf 91' lang='lat' dir='ltr'>quo</span> <span class='ocrx_word' id='word_1_67' title='bbox 200 1115 266 1155; x_wconf 88' lang='lat' dir='ltr'>sese</span> <span class='ocrx_word' id='word_1_68' title='bbox 289 1094 450 1157; x_wconf 83' lang='lat' dir='ltr'>tererent.”</span> <span class='ocrx_word' id='word_1_69' title='bbox 477 1095 608 1158; x_wconf 88' lang='lat' dir='ltr'>Plinium</span> <span class='ocrx_word' id='word_1_70' title='bbox 631 1094 751 1175; x_wconf 83' lang='lat' dir='ltr'>passiva</span> <span class='ocrx_word' id='word_1_71' title='bbox 774 1096 868 1156; x_wconf 88' lang='lat' dir='ltr'>forma</span> <span class='ocrx_word' id='word_1_72' title='bbox 890 1114 943 1174; x_wconf 90' lang='lat' dir='ltr'>pro</span> <span class='ocrx_word' id='word_1_73' title='bbox 965 1094 1107 1156; x_wconf 86' lang='lat' dir='ltr'>reflexiva</span> <span class='ocrx_word' id='word_1_74' title='bbox 1129 1113 1215 1155; x_wconf 90' lang='lat' dir='ltr'>usum</span> <span class='ocrx_word' id='word_1_75' title='bbox 1241 1111 1320 1164; x_wconf 86' lang='lat' dir='ltr'>esse,</span> <span class='ocrx_word' id='word_1_76' title='bbox 1342 1091 1373 1154; x_wconf 91' lang='lat' dir='ltr'>id</span> 
     </span>
     <span class='ocr_line' id='line_1_8' title="bbox 122 1192 1372 1276; baseline -0.002 -19"><span class='ocrx_word' id='word_1_77' title='bbox 122 1215 308 1276; x_wconf 87' lang='lat' dir='ltr'>nequaquam</span> <span class='ocrx_word' id='word_1_78' title='bbox 338 1215 447 1258; x_wconf 91' lang='lat' dir='ltr'>novum</span> <span class='ocrx_word' id='word_1_79' title='bbox 475 1196 705 1258; x_wconf 82' lang='lat' dir='ltr'>existimandum</span> <span class='ocrx_word' id='word_1_80' title='bbox 729 1205 788 1270; x_wconf 86' lang='lat' dir='ltr'>est,</span> <span class='ocrx_word' id='word_1_81' title='bbox 814 1196 840 1256; x_wconf 92' lang='lat' dir='ltr'>si</span> <span class='ocrx_word' id='word_1_82' title='bbox 863 1197 938 1258; x_wconf 86' lang='lat' dir='ltr'>forte</span> <span class='ocrx_word' id='word_1_83' title='bbox 959 1195 995 1256; x_wconf 91' lang='lat' dir='ltr'>de</span> <span class='ocrx_word' id='word_1_84' title='bbox 1018 1215 1053 1256; x_wconf 84' lang='lat' dir='ltr'>ea</span> <span class='ocrx_word' id='word_1_85' title='bbox 1074 1213 1106 1256; x_wconf 88' lang='lat' dir='ltr'>re</span> <span class='ocrx_word' id='word_1_86' title='bbox 1129 1194 1274 1275; x_wconf 83' lang='lat' dir='ltr'>cogitavit</span> <span class='ocrx_word' id='word_1_87' title='bbox 1294 1192 1372 1256; x_wconf 91' lang='lat' dir='ltr'>Hol-</span> 
     </span>
     <span class='ocr_line' id='line_1_9' title="bbox 121 1296 244 1359; baseline 0 -1"><span class='ocrx_word' id='word_1_88' title='bbox 121 1296 244 1359; x_wconf 89' lang='lat' dir='ltr'>steuius.</span> 
     </span>
    </p>
   </div>
   <div class='ocr_carea' id='block_1_3' title="bbox 583 1511 927 1601">
    <p class='ocr_par' dir='ltr' id='par_1_4' title="bbox 583 1511 927 1601">
     <span class='ocr_line' id='line_1_10' title="bbox 583 1511 927 1601; baseline 0.003 -1"><span class='ocrx_word' id='word_1_89' title='bbox 583 1522 655 1601; x_wconf 85' lang='lat' dir='ltr'>”lll.</span> <span class='ocrx_word' id='word_1_90' title='bbox 697 1511 927 1601; x_wconf 50' lang='lat' dir='ltr'>ldverbiafll</span> 
     </span>
    </p>
   </div>
   <div class='ocr_carea' id='block_1_4' title="bbox 115 1696 1371 2383">
    <p class='ocr_par' dir='ltr' id='par_1_5' title="bbox 119 1696 1371 1984">
     <span class='ocr_line' id='line_1_11' title="bbox 204 1696 1371 1783; baseline -0.003 -22"><span class='ocrx_word' id='word_1_91' title='bbox 204 1698 335 1783; x_wconf 80' lang='lat' dir='ltr'>&#39;’Inique</span> <span class='ocrx_word' id='word_1_92' title='bbox 356 1696 460 1780; x_wconf 82' lang='lat' dir='ltr'>iniquo</span> <span class='ocrx_word' id='word_1_93' title='bbox 481 1697 584 1761; x_wconf 80' lang='lat' dir='ltr'>animo</span> <span class='ocrx_word' id='word_1_94' title='bbox 611 1697 650 1762; x_wconf 91' lang='lat' dir='ltr'>P.</span> <span class='ocrx_word' id='word_1_95' title='bbox 672 1698 744 1761; x_wconf 87' lang='grc'><em>85.”</em></span> <span class='ocrx_word' id='word_1_96' title='bbox 785 1700 909 1780; x_wconf 87' lang='lat' dir='ltr'>Legitur</span> <span class='ocrx_word' id='word_1_97' title='bbox 930 1699 983 1761; x_wconf 92' lang='lat' dir='ltr'>ibi:</span> <span class='ocrx_word' id='word_1_98' title='bbox 1008 1699 1142 1771; x_wconf 73' lang='lat' dir='ltr'>”Potest</span> <span class='ocrx_word' id='word_1_99' title='bbox 1165 1700 1291 1760; x_wconf 86' lang='lat' dir='ltr'>fortasse</span> <span class='ocrx_word' id='word_1_100' title='bbox 1312 1699 1371 1759; x_wconf 90' lang='lat' dir='ltr'>ini-</span> 
     </span>
     <span class='ocr_line' id='line_1_12' title="bbox 120 1798 1371 1882; baseline -0.002 -20"><span class='ocrx_word' id='word_1_101' title='bbox 120 1821 193 1882; x_wconf 87' lang='lat' dir='ltr'>que,</span> <span class='ocrx_word' id='word_1_102' title='bbox 215 1809 316 1881; x_wconf 90' lang='lat' dir='ltr'>potest</span> <span class='ocrx_word' id='word_1_103' title='bbox 338 1807 438 1859; x_wconf 90' lang='lat' dir='ltr'>tamen</span> <span class='ocrx_word' id='word_1_104' title='bbox 462 1798 529 1860; x_wconf 91' lang='lat' dir='ltr'>odio</span> <span class='ocrx_word' id='word_1_105' title='bbox 551 1819 616 1860; x_wconf 92' lang='lat' dir='ltr'>esse</span> <span class='ocrx_word' id='word_1_106' title='bbox 639 1819 698 1861; x_wconf 89' lang='lat' dir='ltr'>non</span> <span class='ocrx_word' id='word_1_107' title='bbox 722 1799 836 1862; x_wconf 88' lang='lat' dir='ltr'>nullis.’&#39;</span> <span class='ocrx_word' id='word_1_108' title='bbox 866 1801 935 1862; x_wconf 91' lang='lat' dir='ltr'>Non</span> <span class='ocrx_word' id='word_1_109' title='bbox 962 1800 1109 1881; x_wconf 85' lang='lat' dir='ltr'>significat</span> <span class='ocrx_word' id='word_1_110' title='bbox 1130 1799 1187 1862; x_wconf 89' lang='lat' dir='ltr'>hoe</span> <span class='ocrx_word' id='word_1_111' title='bbox 1209 1799 1272 1862; x_wconf 89' lang='lat' dir='ltr'>loeo</span> <span class='ocrx_word' id='word_1_112' title='bbox 1295 1799 1371 1860; x_wconf 92' lang='lat' dir='ltr'>”ini-</span> 
     </span>
     <span class='ocr_line' id='line_1_13' title="bbox 119 1895 1370 1984; baseline -0.001 -21"><span class='ocrx_word' id='word_1_113' title='bbox 119 1903 196 1984; x_wconf 87' lang='lat' dir='ltr'>qne&#39;’</span> <span class='ocrx_word' id='word_1_114' title='bbox 208 1901 227 1963; x_wconf 90' lang='lat' dir='ltr'>i.</span> <span class='ocrx_word' id='word_1_115' title='bbox 239 1920 267 1982; x_wconf 89' lang='lat' dir='ltr'>q.</span> <span class='ocrx_word' id='word_1_116' title='bbox 282 1900 401 1979; x_wconf 87' lang='lat' dir='ltr'>”iniquo</span> <span class='ocrx_word' id='word_1_117' title='bbox 413 1898 540 1974; x_wconf 87' lang='lat' dir='ltr'>animo”,</span> <span class='ocrx_word' id='word_1_118' title='bbox 562 1902 614 1962; x_wconf 92' lang='lat' dir='ltr'>sed</span> <span class='ocrx_word' id='word_1_119' title='bbox 626 1899 645 1962; x_wconf 93' lang='lat' dir='ltr'>i.</span> <span class='ocrx_word' id='word_1_120' title='bbox 662 1920 689 1980; x_wconf 92' lang='lat' dir='ltr'>q.</span> <span class='ocrx_word' id='word_1_121' title='bbox 706 1901 842 1980; x_wconf 65' lang='lat' dir='ltr'>”injuria</span> <span class='ocrx_word' id='word_1_122' title='bbox 854 1901 992 1980; x_wconf 88' lang='lat' dir='ltr'>injuste.”</span> <span class='ocrx_word' id='word_1_123' title='bbox 1007 1900 1067 1963; x_wconf 82' lang='lat' dir='ltr'>Cir.</span> <span class='ocrx_word' id='word_1_124' title='bbox 1080 1899 1142 1962; x_wconf 84' lang='lat' dir='ltr'>Cic.</span> <span class='ocrx_word' id='word_1_125' title='bbox 1158 1901 1245 1963; x_wconf 89' lang='lat' dir='ltr'>Dom.</span> <span class='ocrx_word' id='word_1_126' title='bbox 1258 1901 1309 1973; x_wconf 83' lang='lat'>33,</span> <span class='ocrx_word' id='word_1_127' title='bbox 1320 1895 1370 1962; x_wconf 84' lang='grc'>87.</span> 
     </span>
    </p>

    <p class='ocr_par' dir='ltr' id='par_1_6' title="bbox 115 1997 1370 2383">
     <span class='ocr_line' id='line_1_14' title="bbox 202 1997 1370 2086; baseline -0.001 -24"><span class='ocrx_word' id='word_1_128' title='bbox 202 1997 441 2064; x_wconf 76' lang='lat' dir='ltr'>’&#39;Favoratilirer</span> <span class='ocrx_word' id='word_1_129' title='bbox 462 1999 493 2074; x_wconf 91' lang='grc'>5,</span> <span class='ocrx_word' id='word_1_130' title='bbox 516 1999 566 2075; x_wconf 77' lang='grc'><em>14,</em></span> <span class='ocrx_word' id='word_1_131' title='bbox 587 1999 628 2062; x_wconf 83' lang='grc'>3”</span> <span class='ocrx_word' id='word_1_132' title='bbox 656 2001 717 2084; x_wconf 82' lang='lat' dir='ltr'>(ed.</span> <span class='ocrx_word' id='word_1_133' title='bbox 740 2002 820 2064; x_wconf 87' lang='lat' dir='ltr'>Keil.</span> <span class='ocrx_word' id='word_1_134' title='bbox 842 2001 872 2076; x_wconf 84' lang='lat'>5,</span> <span class='ocrx_word' id='word_1_135' title='bbox 897 2003 945 2075; x_wconf 84' lang='lat'>13,</span> <span class='ocrx_word' id='word_1_136' title='bbox 968 1999 1013 2086; x_wconf 86' lang='lat'>3).</span> <span class='ocrx_word' id='word_1_137' title='bbox 1045 2002 1172 2081; x_wconf 87' lang='lat' dir='ltr'>Legitur</span> <span class='ocrx_word' id='word_1_138' title='bbox 1193 2001 1249 2062; x_wconf 91' lang='lat' dir='ltr'>ibi:</span> <span class='ocrx_word' id='word_1_139' title='bbox 1271 1999 1370 2080; x_wconf 87' lang='lat' dir='ltr'>&#39;’Ope-</span> 
     </span>
     <span class='ocr_line' id='line_1_15' title="bbox 116 2099 1370 2185; baseline -0.002 -21"><span class='ocrx_word' id='word_1_140' title='bbox 116 2123 181 2164; x_wconf 88' lang='lat' dir='ltr'>ram</span> <span class='ocrx_word' id='word_1_141' title='bbox 204 2103 302 2175; x_wconf 87' lang='lat' dir='ltr'>dedit,</span> <span class='ocrx_word' id='word_1_142' title='bbox 324 2109 358 2163; x_wconf 92' lang='lat' dir='ltr'>ut</span> <span class='ocrx_word' id='word_1_143' title='bbox 380 2100 532 2180; x_wconf 84' lang='lat' dir='ltr'>deprecari</span> <span class='ocrx_word' id='word_1_144' title='bbox 555 2101 648 2180; x_wconf 88' lang='lat' dir='ltr'>magis</span> <span class='ocrx_word' id='word_1_145' title='bbox 672 2101 718 2184; x_wconf 90' lang='lat' dir='ltr'>(id</span> <span class='ocrx_word' id='word_1_146' title='bbox 740 2104 819 2164; x_wconf 85' lang='lat' dir='ltr'>enirn</span> <span class='ocrx_word' id='word_1_147' title='bbox 841 2112 873 2165; x_wconf 91' lang='lat' dir='ltr'>et</span> <span class='ocrx_word' id='word_1_148' title='bbox 895 2102 1088 2165; x_wconf 82' lang='lat' dir='ltr'>favorabilius</span> <span class='ocrx_word' id='word_1_149' title='bbox 1104 2112 1135 2164; x_wconf 90' lang='lat' dir='ltr'>et</span> <span class='ocrx_word' id='word_1_150' title='bbox 1149 2099 1259 2185; x_wconf 87' lang='lat' dir='ltr'>tutius)</span> <span class='ocrx_word' id='word_1_151' title='bbox 1281 2121 1370 2182; x_wconf 87' lang='lat' dir='ltr'>quam</span> 
     </span>
     <span class='ocr_line' id='line_1_16' title="bbox 116 2201 1370 2283; baseline -0.001 -19"><span class='ocrx_word' id='word_1_152' title='bbox 116 2204 237 2265; x_wconf 89' lang='lat' dir='ltr'>defendi</span> <span class='ocrx_word' id='word_1_153' title='bbox 259 2201 439 2264; x_wconf 88' lang='lat' dir='ltr'>videretur.”</span> <span class='ocrx_word' id='word_1_154' title='bbox 472 2202 669 2265; x_wconf 85' lang='lat' dir='ltr'>Manifestum</span> <span class='ocrx_word' id='word_1_155' title='bbox 703 2212 749 2265; x_wconf 87' lang='lat' dir='ltr'>est</span> <span class='ocrx_word' id='word_1_156' title='bbox 778 2204 834 2265; x_wconf 88' lang='lat' dir='ltr'>hoe</span> <span class='ocrx_word' id='word_1_157' title='bbox 855 2204 918 2265; x_wconf 88' lang='lat' dir='ltr'>loeo</span> <span class='ocrx_word' id='word_1_158' title='bbox 941 2203 1170 2266; x_wconf 79' lang='lat' dir='ltr'>’&#39;favorabilius&#39;’</span> <span class='ocrx_word' id='word_1_159' title='bbox 1193 2223 1246 2283; x_wconf 90' lang='lat' dir='ltr'>pro</span> <span class='ocrx_word' id='word_1_160' title='bbox 1268 2203 1370 2282; x_wconf 87' lang='lat' dir='ltr'>adjee-</span> 
     </span>
     <span class='ocr_line' id='line_1_17' title="bbox 115 2301 797 2383; baseline -0.003 -17"><span class='ocrx_word' id='word_1_161' title='bbox 115 2305 194 2379; x_wconf 83' lang='lat' dir='ltr'>tivo,</span> <span class='ocrx_word' id='word_1_162' title='bbox 216 2324 273 2366; x_wconf 92' lang='lat' dir='ltr'>non</span> <span class='ocrx_word' id='word_1_163' title='bbox 295 2321 350 2383; x_wconf 92' lang='lat' dir='ltr'>pro</span> <span class='ocrx_word' id='word_1_164' title='bbox 373 2301 512 2364; x_wconf 82' lang='lat' dir='ltr'>adverbio</span> <span class='ocrx_word' id='word_1_165' title='bbox 535 2301 702 2364; x_wconf 90' lang='lat' dir='ltr'>habendum</span> <span class='ocrx_word' id='word_1_166' title='bbox 725 2323 797 2365; x_wconf 88' lang='lat' dir='ltr'>esse.</span> 
     </span>
    </p>
   </div>
   <div class='ocr_carea' id='block_1_5' title="bbox 115 2416 1408 2808">
    <p class='ocr_par' dir='ltr' id='par_1_7' title="bbox 115 2416 1408 2808">
     <span class='ocr_line' id='line_1_18' title="bbox 198 2416 1370 2502; baseline 0.001 -21"><span class='ocrx_word' id='word_1_167' title='bbox 198 2418 365 2500; x_wconf 81' lang='lat' dir='ltr'>’&#39;†Pariter</span> <span class='ocrx_word' id='word_1_168' title='bbox 396 2416 498 2496; x_wconf 77' lang='lat' dir='ltr'>eodem</span> <span class='ocrx_word' id='word_1_169' title='bbox 530 2427 660 2502; x_wconf 79' lang='lat' dir='ltr'>tempore</span> <span class='ocrx_word' id='word_1_170' title='bbox 686 2419 718 2494; x_wconf 80' lang='lat'>9,</span> <span class='ocrx_word' id='word_1_171' title='bbox 739 2420 791 2497; x_wconf 83' lang='lat'>28,</span> <span class='ocrx_word' id='word_1_172' title='bbox 813 2421 861 2483; x_wconf 85' lang='lat'>1.”</span> <span class='ocrx_word' id='word_1_173' title='bbox 903 2420 1028 2492; x_wconf 74' lang='lat' dir='ltr'>Quanta</span> <span class='ocrx_word' id='word_1_174' title='bbox 1049 2422 1157 2502; x_wconf 88' lang='lat' dir='ltr'>injurie</span> <span class='ocrx_word' id='word_1_175' title='bbox 1178 2421 1257 2484; x_wconf 89' lang='lat' dir='ltr'>huno</span> <span class='ocrx_word' id='word_1_176' title='bbox 1279 2439 1370 2482; x_wconf 85' lang='lat' dir='ltr'>voea-</span> 
     </span>
     <span class='ocr_line' id='line_1_19' title="bbox 116 2519 1408 2604; baseline -0.001 -20"><span class='ocrx_word' id='word_1_177' title='bbox 116 2522 177 2584; x_wconf 90' lang='lat' dir='ltr'>buli</span> <span class='ocrx_word' id='word_1_178' title='bbox 206 2541 290 2584; x_wconf 85' lang='lat' dir='ltr'>usum</span> <span class='ocrx_word' id='word_1_179' title='bbox 321 2519 419 2581; x_wconf 91' lang='lat' dir='ltr'>Plinio</span> <span class='ocrx_word' id='word_1_180' title='bbox 452 2519 547 2598; x_wconf 91' lang='lat' dir='ltr'>primo</span> <span class='ocrx_word' id='word_1_181' title='bbox 580 2521 733 2596; x_wconf 87' lang='lat' dir='ltr'>tribuerit,</span> <span class='ocrx_word' id='word_1_182' title='bbox 765 2522 940 2602; x_wconf 86' lang='lat' dir='ltr'>intelligitur</span> <span class='ocrx_word' id='word_1_183' title='bbox 961 2542 998 2584; x_wconf 86' lang='lat' dir='ltr'>ex</span> <span class='ocrx_word' id='word_1_184' title='bbox 1020 2523 1056 2584; x_wconf 89' lang='lat' dir='ltr'>iis</span> <span class='ocrx_word' id='word_1_185' title='bbox 1077 2524 1166 2599; x_wconf 82' lang='lat' dir='ltr'>loeis,</span> <span class='ocrx_word' id='word_1_186' title='bbox 1198 2523 1247 2604; x_wconf 93' lang='lat' dir='ltr'>qui</span> <span class='ocrx_word' id='word_1_187' title='bbox 1269 2521 1369 2584; x_wconf 85' lang='lat' dir='ltr'>Hand</span> <span class='ocrx_word' id='word_1_188' title='bbox 1395 2575 1408 2596; x_wconf 71' lang='grc'><em>,</em></span> 
     </span>
     <span class='ocr_line' id='line_1_20' title="bbox 116 2619 1370 2704; baseline -0.001 -19"><span class='ocrx_word' id='word_1_189' title='bbox 116 2625 204 2685; x_wconf 85' lang='lat' dir='ltr'>Ture.</span> <span class='ocrx_word' id='word_1_190' title='bbox 231 2643 256 2684; x_wconf 90' lang='lat' dir='ltr'>s.</span> <span class='ocrx_word' id='word_1_191' title='bbox 279 2643 307 2683; x_wconf 90' lang='lat' dir='ltr'>v.</span> <span class='ocrx_word' id='word_1_192' title='bbox 336 2619 487 2700; x_wconf 84' lang='lat' dir='ltr'>&#39;’pariter”</span> <span class='ocrx_word' id='word_1_193' title='bbox 521 2621 554 2682; x_wconf 91' lang='lat' dir='ltr'>P.</span> <span class='ocrx_word' id='word_1_194' title='bbox 577 2620 638 2684; x_wconf 90' lang='grc'>390</span> <span class='ocrx_word' id='word_1_195' title='bbox 659 2642 740 2704; x_wconf 91' lang='lat' dir='ltr'>sequ.</span> <span class='ocrx_word' id='word_1_196' title='bbox 764 2623 987 2686; x_wconf 85' lang='lat' dir='ltr'>commemorati</span> <span class='ocrx_word' id='word_1_197' title='bbox 1009 2634 1087 2687; x_wconf 87' lang='lat' dir='ltr'>sunt.</span> <span class='ocrx_word' id='word_1_198' title='bbox 1131 2625 1192 2688; x_wconf 80' lang='lat' dir='ltr'>cfr.</span> <span class='ocrx_word' id='word_1_199' title='bbox 1226 2635 1370 2704; x_wconf 86' lang='lat' dir='ltr'>praeterea</span> 
     </span>
     <span class='ocr_line' id='line_1_21' title="bbox 115 2719 1019 2808; baseline 0.002 -24"><span class='ocrx_word' id='word_1_200' title='bbox 115 2723 237 2785; x_wconf 85' lang='lat' dir='ltr'>Krebsii</span> <span class='ocrx_word' id='word_1_201' title='bbox 258 2721 497 2785; x_wconf 87' lang='lat' dir='ltr'>Antibarbarum</span> <span class='ocrx_word' id='word_1_202' title='bbox 520 2719 583 2804; x_wconf 92' lang='lat' dir='ltr'>(ed.</span> <span class='ocrx_word' id='word_1_203' title='bbox 606 2722 654 2784; x_wconf 91' lang='lat' dir='ltr'>IV</span> <span class='ocrx_word' id='word_1_204' title='bbox 676 2743 736 2786; x_wconf 88' lang='lat' dir='ltr'>our.</span> <span class='ocrx_word' id='word_1_205' title='bbox 759 2723 919 2808; x_wconf 81' lang='lat' dir='ltr'>Aligeyer)</span> <span class='ocrx_word' id='word_1_206' title='bbox 942 2743 968 2786; x_wconf 88' lang='lat' dir='ltr'>s.</span> <span class='ocrx_word' id='word_1_207' title='bbox 991 2744 1019 2786; x_wconf 90' lang='lat' dir='ltr'>v.</span> 
     </span>
    </p>
   </div>
   <div class='ocr_carea' id='block_1_6' title="bbox 86 2836 1371 3407">
    <p class='ocr_par' dir='ltr' id='par_1_8' title="bbox 86 2836 1371 3407">
     <span class='ocr_line' id='line_1_22' title="bbox 198 2836 1371 2922; baseline 0.001 -21"><span class='ocrx_word' id='word_1_208' title='bbox 198 2836 369 2902; x_wconf 81' lang='lat' dir='ltr'>”Hilariter</span> <span class='ocrx_word' id='word_1_209' title='bbox 400 2837 603 2912; x_wconf 81' lang='lat'>3,18,10.‘&#39;</span> <span class='ocrx_word' id='word_1_210' title='bbox 651 2841 745 2902; x_wconf 81' lang='lat' dir='ltr'>Recte</span> <span class='ocrx_word' id='word_1_211' title='bbox 773 2841 950 2904; x_wconf 88' lang='lat' dir='ltr'>Holstenius</span> <span class='ocrx_word' id='word_1_212' title='bbox 986 2842 1061 2922; x_wconf 91' lang='lat' dir='ltr'>Pag.</span> <span class='ocrx_word' id='word_1_213' title='bbox 1084 2841 1135 2914; x_wconf 84' lang='lat'>34,</span> <span class='ocrx_word' id='word_1_214' title='bbox 1163 2841 1235 2903; x_wconf 88' lang='lat' dir='ltr'>Not.</span> <span class='ocrx_word' id='word_1_215' title='bbox 1258 2840 1371 2914; x_wconf 83' lang='lat' dir='ltr'>docuit,</span> 
     </span>
     <span class='ocr_line' id='line_1_23' title="bbox 86 2939 1370 3021; baseline 0.001 -19"><span class='ocrx_word' id='word_1_216' title='bbox 86 2969 91 2979; x_wconf 95' lang='lat'>·</span> <span class='ocrx_word' id='word_1_217' title='bbox 115 2941 173 3002; x_wconf 90' lang='lat' dir='ltr'>hao</span> <span class='ocrx_word' id='word_1_218' title='bbox 195 2940 330 3002; x_wconf 87' lang='lat' dir='ltr'>adverbii</span> <span class='ocrx_word' id='word_1_219' title='bbox 353 2941 447 3001; x_wconf 86' lang='lat' dir='ltr'>forma</span> <span class='ocrx_word' id='word_1_220' title='bbox 469 2948 540 3000; x_wconf 85' lang='lat' dir='ltr'>ante</span> <span class='ocrx_word' id='word_1_221' title='bbox 562 2939 651 3002; x_wconf 91' lang='lat' dir='ltr'>Plinii</span> <span class='ocrx_word' id='word_1_222' title='bbox 673 2941 801 3021; x_wconf 85' lang='lat' dir='ltr'>aequales</span> <span class='ocrx_word' id='word_1_223' title='bbox 823 2961 909 3004; x_wconf 90' lang='lat' dir='ltr'>usum</span> <span class='ocrx_word' id='word_1_224' title='bbox 932 2961 996 3004; x_wconf 88' lang='lat' dir='ltr'>esse</span> <span class='ocrx_word' id='word_1_225' title='bbox 1019 2943 1111 3004; x_wconf 83' lang='lat' dir='ltr'>Auot.</span> <span class='ocrx_word' id='word_1_226' title='bbox 1133 2943 1172 3004; x_wconf 86' lang='lat' dir='ltr'>ed</span> <span class='ocrx_word' id='word_1_227' title='bbox 1195 2942 1266 3004; x_wconf 92' lang='lat' dir='ltr'>Her.</span> <span class='ocrx_word' id='word_1_228' title='bbox 1309 2939 1370 3006; x_wconf 86' lang='lat' dir='ltr'>Sed</span> 
     </span>
     <span class='ocr_line' id='line_1_24' title="bbox 114 3039 1370 3124; baseline 0 -21"><span class='ocrx_word' id='word_1_229' title='bbox 114 3041 206 3104; x_wconf 91' lang='lat' dir='ltr'>Plinii</span> <span class='ocrx_word' id='word_1_230' title='bbox 221 3041 285 3103; x_wconf 87' lang='lat' dir='ltr'>loeo</span> <span class='ocrx_word' id='word_1_231' title='bbox 305 3040 424 3120; x_wconf 88' lang='lat' dir='ltr'>legitur:</span> <span class='ocrx_word' id='word_1_232' title='bbox 448 3039 542 3110; x_wconf 78' lang='lat' dir='ltr'>”Qua</span> <span class='ocrx_word' id='word_1_233' title='bbox 564 3040 686 3104; x_wconf 89' lang='lat' dir='ltr'>hilarius</span> <span class='ocrx_word' id='word_1_234' title='bbox 699 3051 729 3103; x_wconf 90' lang='lat' dir='ltr'>et</span> <span class='ocrx_word' id='word_1_235' title='bbox 741 3044 827 3124; x_wconf 87' lang='lat' dir='ltr'>quasi</span> <span class='ocrx_word' id='word_1_236' title='bbox 842 3042 1041 3105; x_wconf 83' lang='lat' dir='ltr'>exsultantius</span> <span class='ocrx_word' id='word_1_237' title='bbox 1055 3042 1191 3123; x_wconf 81' lang='lat' dir='ltr'>scripsi.&#39;’</span> <span class='ocrx_word' id='word_1_238' title='bbox 1223 3041 1285 3112; x_wconf 82' lang='lat' dir='ltr'>Qui</span> <span class='ocrx_word' id='word_1_239' title='bbox 1299 3052 1370 3105; x_wconf 90' lang='lat' dir='ltr'>tan-</span> 
     </span>
     <span class='ocr_line' id='line_1_25' title="bbox 113 3141 1370 3224; baseline 0 -20"><span class='ocrx_word' id='word_1_240' title='bbox 113 3144 181 3204; x_wconf 87' lang='lat' dir='ltr'>dem</span> <span class='ocrx_word' id='word_1_241' title='bbox 202 3141 345 3205; x_wconf 85' lang='lat' dir='ltr'>constitui</span> <span class='ocrx_word' id='word_1_242' title='bbox 367 3141 493 3222; x_wconf 87' lang='lat' dir='ltr'>poterit,</span> <span class='ocrx_word' id='word_1_243' title='bbox 515 3151 614 3204; x_wconf 91' lang='lat' dir='ltr'>utrum</span> <span class='ocrx_word' id='word_1_244' title='bbox 636 3143 675 3204; x_wconf 88' lang='lat' dir='ltr'>ab</span> <span class='ocrx_word' id='word_1_245' title='bbox 697 3144 831 3205; x_wconf 75' lang='lat' dir='ltr'>adverbii</span> <span class='ocrx_word' id='word_1_246' title='bbox 853 3145 951 3205; x_wconf 81' lang='lat' dir='ltr'>forme</span> <span class='ocrx_word' id='word_1_247' title='bbox 973 3143 1070 3206; x_wconf 90' lang='lat' dir='ltr'>minus</span> <span class='ocrx_word' id='word_1_248' title='bbox 1092 3147 1220 3218; x_wconf 85' lang='lat' dir='ltr'>usitata,</span> <span class='ocrx_word' id='word_1_249' title='bbox 1243 3151 1370 3224; x_wconf 87' lang='lat' dir='ltr'>quaeest</span> 
     </span>
     <span class='ocr_line' id='line_1_26' title="bbox 114 3241 1370 3326; baseline 0.002 -22"><span class='ocrx_word' id='word_1_250' title='bbox 114 3243 298 3317; x_wconf 87' lang='lat' dir='ltr'>”hilariter&#39;’‚</span> <span class='ocrx_word' id='word_1_251' title='bbox 330 3263 368 3305; x_wconf 91' lang='lat' dir='ltr'>an</span> <span class='ocrx_word' id='word_1_252' title='bbox 401 3263 420 3304; x_wconf 85' lang='lat' dir='ltr'>a</span> <span class='ocrx_word' id='word_1_253' title='bbox 448 3243 542 3303; x_wconf 82' lang='lat' dir='ltr'>forma</span> <span class='ocrx_word' id='word_1_254' title='bbox 571 3241 713 3319; x_wconf 85' lang='lat' dir='ltr'>&#39;&#39;hilare&#39;&#39;‚</span> <span class='ocrx_word' id='word_1_255' title='bbox 746 3245 836 3307; x_wconf 88' lang='lat' dir='ltr'>etiam</span> <span class='ocrx_word' id='word_1_256' title='bbox 859 3244 995 3307; x_wconf 85' lang='lat' dir='ltr'>Ciceroni</span> <span class='ocrx_word' id='word_1_257' title='bbox 1017 3244 1141 3326; x_wconf 86' lang='lat' dir='ltr'>aliisque</span> <span class='ocrx_word' id='word_1_258' title='bbox 1165 3246 1370 3326; x_wconf 89' lang='lat' dir='ltr'>frequentata,</span> 
     </span>
     <span class='ocr_line' id='line_1_27' title="bbox 114 3341 601 3407; baseline 0 -2"><span class='ocrx_word' id='word_1_259' title='bbox 114 3345 237 3407; x_wconf 85' lang='lat' dir='ltr'>ductum</span> <span class='ocrx_word' id='word_1_260' title='bbox 259 3344 301 3405; x_wconf 90' lang='lat' dir='ltr'>sit</span> <span class='ocrx_word' id='word_1_261' title='bbox 323 3341 485 3405; x_wconf 88' lang='lat' dir='ltr'>&#39;&#39;hilarius&#39;’</span> <span class='ocrx_word' id='word_1_262' title='bbox 507 3341 601 3405; x_wconf 88' lang='lat' dir='ltr'>illud?</span> 
     </span>
    </p>
   </div>
   <div class='ocr_carea' id='block_1_7' title="bbox 113 3457 1372 3642">
    <p class='ocr_par' dir='ltr' id='par_1_9' title="bbox 113 3457 1372 3642">
     <span class='ocr_line' id='line_1_28' title="bbox 196 3457 1372 3544; baseline 0.004 -23"><span class='ocrx_word' id='word_1_263' title='bbox 196 3457 360 3523; x_wconf 78' lang='lat' dir='ltr'>’&#39;Hae-tar</span> <span class='ocrx_word' id='word_1_264' title='bbox 374 3489 406 3513; x_wconf 89' lang='lat'>=</span> <span class='ocrx_word' id='word_1_265' title='bbox 421 3457 563 3523; x_wconf 81' lang='lat' dir='ltr'>loe-illae</span> <span class='ocrx_word' id='word_1_266' title='bbox 584 3461 614 3534; x_wconf 84' lang='lat'>5,</span> <span class='ocrx_word' id='word_1_267' title='bbox 628 3460 659 3535; x_wconf 87' lang='grc'>6,</span> <span class='ocrx_word' id='word_1_268' title='bbox 674 3457 744 3524; x_wconf 83' lang='grc'><em>19.”</em></span> <span class='ocrx_word' id='word_1_269' title='bbox 766 3464 827 3527; x_wconf 84' lang='lat' dir='ltr'>Gir.</span> <span class='ocrx_word' id='word_1_270' title='bbox 845 3464 945 3526; x_wconf 89' lang='lat' dir='ltr'>Haud.</span> <span class='ocrx_word' id='word_1_271' title='bbox 964 3463 1050 3526; x_wconf 89' lang='lat' dir='ltr'>Turs.</span> <span class='ocrx_word' id='word_1_272' title='bbox 1062 3484 1086 3526; x_wconf 91' lang='lat' dir='ltr'>s.</span> <span class='ocrx_word' id='word_1_273' title='bbox 1104 3484 1132 3525; x_wconf 90' lang='lat' dir='ltr'>v.</span> <span class='ocrx_word' id='word_1_274' title='bbox 1145 3463 1237 3526; x_wconf 84' lang='lat' dir='ltr'>&#39;’hae”</span> <span class='ocrx_word' id='word_1_275' title='bbox 1252 3465 1327 3544; x_wconf 88' lang='lat' dir='ltr'>Pag.</span> <span class='ocrx_word' id='word_1_276' title='bbox 1339 3465 1372 3538; x_wconf 82' lang='grc'>3,</span> 
     </span>
     <span class='ocr_line' id='line_1_29' title="bbox 113 3561 777 3642; baseline 0.003 -18"><span class='ocrx_word' id='word_1_277' title='bbox 113 3561 164 3624; x_wconf 93' lang='lat' dir='ltr'>ubi</span> <span class='ocrx_word' id='word_1_278' title='bbox 186 3562 357 3625; x_wconf 85' lang='lat' dir='ltr'>ostenditur</span> <span class='ocrx_word' id='word_1_279' title='bbox 377 3562 420 3624; x_wconf 90' lang='lat' dir='ltr'>sio</span> <span class='ocrx_word' id='word_1_280' title='bbox 441 3568 549 3641; x_wconf 74' lang='lat' dir='ltr'>politae</span> <span class='ocrx_word' id='word_1_281' title='bbox 570 3561 651 3642; x_wconf 93' lang='lat' dir='ltr'>loqui</span> <span class='ocrx_word' id='word_1_282' title='bbox 673 3563 777 3626; x_wconf 91' lang='lat' dir='ltr'>solere.</span> 
     </span>
    </p>
   </div>
   <div class='ocr_carea' id='block_1_8' title="bbox 112 3677 1435 3961">
    <p class='ocr_par' dir='ltr' id='par_1_10' title="bbox 112 3677 1435 3961">
     <span class='ocr_line' id='line_1_30' title="bbox 196 3677 1435 3772; baseline 0.006 -32"><span class='ocrx_word' id='word_1_283' title='bbox 196 3678 374 3742; x_wconf 81' lang='lat' dir='ltr'>&#39;&#39;Interdum</span> <span class='ocrx_word' id='word_1_284' title='bbox 396 3715 433 3724; x_wconf 84' lang='lat'>-</span> <span class='ocrx_word' id='word_1_285' title='bbox 456 3677 609 3741; x_wconf 78' lang='lat' dir='ltr'>interdum</span> <span class='ocrx_word' id='word_1_286' title='bbox 631 3680 719 3742; x_wconf 84' lang='lat' dir='ltr'>modo</span> <span class='ocrx_word' id='word_1_287' title='bbox 741 3717 782 3727; x_wconf 92' lang='lat'><strong>—</strong></span> <span class='ocrx_word' id='word_1_288' title='bbox 803 3682 892 3746; x_wconf 87' lang='lat' dir='ltr'>modo</span> <span class='ocrx_word' id='word_1_289' title='bbox 912 3682 942 3756; x_wconf 90' lang='grc'>6,</span> <span class='ocrx_word' id='word_1_290' title='bbox 957 3683 1009 3758; x_wconf 91' lang='grc'><em>16,</em></span> <span class='ocrx_word' id='word_1_291' title='bbox 1022 3683 1054 3746; x_wconf 93' lang='grc'>6.</span> <span class='ocrx_word' id='word_1_292' title='bbox 1075 3683 1191 3759; x_wconf 81' lang='lat'><strong><em>31,13.</em></strong></span> <span class='ocrx_word' id='word_1_293' title='bbox 1213 3683 1243 3759; x_wconf 88' lang='lat'>8,</span> <span class='ocrx_word' id='word_1_294' title='bbox 1254 3683 1309 3759; x_wconf 87' lang='lat'>20,</span> <span class='ocrx_word' id='word_1_295' title='bbox 1319 3683 1369 3746; x_wconf 88' lang='grc'>6.”</span> <span class='ocrx_word' id='word_1_296' title='bbox 1430 3761 1435 3772; x_wconf 37' lang='grc' dir='ltr'>Ι</span> 
     </span>
     <span class='ocr_line' id='line_1_31' title="bbox 113 3778 1369 3854; baseline 0.005 -12"><span class='ocrx_word' id='word_1_297' title='bbox 113 3779 175 3842; x_wconf 81' lang='lat' dir='ltr'>Gir.</span> <span class='ocrx_word' id='word_1_298' title='bbox 198 3780 260 3843; x_wconf 86' lang='lat' dir='ltr'>Gie.</span> <span class='ocrx_word' id='word_1_299' title='bbox 283 3780 336 3844; x_wconf 92' lang='lat' dir='ltr'>Or.</span> <span class='ocrx_word' id='word_1_300' title='bbox 359 3779 410 3854; x_wconf 76' lang='lat'>59,</span> <span class='ocrx_word' id='word_1_301' title='bbox 430 3780 502 3842; x_wconf 86' lang='lat'>201.</span> <span class='ocrx_word' id='word_1_302' title='bbox 536 3778 709 3843; x_wconf 86' lang='lat' dir='ltr'>”interdum</span> <span class='ocrx_word' id='word_1_303' title='bbox 731 3784 808 3846; x_wconf 89' lang='lat' dir='ltr'>enim</span> <span class='ocrx_word' id='word_1_304' title='bbox 831 3803 936 3846; x_wconf 80' lang='lat' dir='ltr'>cursus</span> <span class='ocrx_word' id='word_1_305' title='bbox 964 3795 1010 3847; x_wconf 90' lang='lat' dir='ltr'>est</span> <span class='ocrx_word' id='word_1_306' title='bbox 1042 3785 1072 3846; x_wconf 93' lang='lat' dir='ltr'>in</span> <span class='ocrx_word' id='word_1_307' title='bbox 1102 3786 1238 3848; x_wconf 87' lang='lat' dir='ltr'>oratione</span> <span class='ocrx_word' id='word_1_308' title='bbox 1259 3785 1369 3848; x_wconf 82' lang='lat' dir='ltr'>innita-</span> 
     </span>
     <span class='ocr_line' id='line_1_32' title="bbox 112 3878 1036 3961; baseline 0.008 -20"><span class='ocrx_word' id='word_1_309' title='bbox 112 3880 180 3955; x_wconf 83' lang='lat' dir='ltr'>tinr,</span> <span class='ocrx_word' id='word_1_310' title='bbox 201 3881 351 3945; x_wconf 87' lang='lat' dir='ltr'>interdum</span> <span class='ocrx_word' id='word_1_311' title='bbox 375 3882 530 3944; x_wconf 82' lang='lat' dir='ltr'>moderata</span> <span class='ocrx_word' id='word_1_312' title='bbox 551 3878 728 3960; x_wconf 85' lang='lat' dir='ltr'>ingressio.&#39;&#39;</span> <span class='ocrx_word' id='word_1_313' title='bbox 771 3884 840 3948; x_wconf 88' lang='lat' dir='ltr'>Att.</span> <span class='ocrx_word' id='word_1_314' title='bbox 866 3887 913 3959; x_wconf 81' lang='grc'><em>12,</em></span> <span class='ocrx_word' id='word_1_315' title='bbox 937 3885 985 3961; x_wconf 88' lang='grc'>14,</span> <span class='ocrx_word' id='word_1_316' title='bbox 1008 3887 1036 3948; x_wconf 90' lang='grc'>3.</span> 
     </span>
    </p>
   </div>
   <div class='ocr_carea' id='block_1_9' title="bbox 113 3995 1368 4264">
    <p class='ocr_par' dir='ltr' id='par_1_11' title="bbox 113 3995 1368 4264">
     <span class='ocr_line' id='line_1_33' title="bbox 196 3995 1368 4079; baseline 0 -17"><span class='ocrx_word' id='word_1_317' title='bbox 196 3997 291 4062; x_wconf 77' lang='lat' dir='ltr'>’&#39;Mon</span> <span class='ocrx_word' id='word_1_318' title='bbox 312 3998 420 4063; x_wconf 83' lang='lat' dir='ltr'>deinde</span> <span class='ocrx_word' id='word_1_319' title='bbox 440 3998 473 4075; x_wconf 79' lang='lat'>3,</span> <span class='ocrx_word' id='word_1_320' title='bbox 493 3996 526 4073; x_wconf 82' lang='lat'>9,</span> <span class='ocrx_word' id='word_1_321' title='bbox 547 3995 577 4060; x_wconf 80' lang='lat'>9.</span> <span class='ocrx_word' id='word_1_322' title='bbox 605 3996 636 4073; x_wconf 82' lang='lat'>5,</span> <span class='ocrx_word' id='word_1_323' title='bbox 658 3998 707 4074; x_wconf 93' lang='grc'>17,</span> <span class='ocrx_word' id='word_1_324' title='bbox 728 4000 770 4062; x_wconf 86' lang='grc'>5”</span> <span class='ocrx_word' id='word_1_325' title='bbox 792 4001 830 4063; x_wconf 87' lang='lat' dir='ltr'>al.</span> <span class='ocrx_word' id='word_1_326' title='bbox 877 4002 938 4066; x_wconf 85' lang='lat' dir='ltr'>ofr.</span> <span class='ocrx_word' id='word_1_327' title='bbox 960 4003 1029 4066; x_wconf 86' lang='lat' dir='ltr'>Liv.</span> <span class='ocrx_word' id='word_1_328' title='bbox 1055 4003 1106 4079; x_wconf 85' lang='lat'>40,</span> <span class='ocrx_word' id='word_1_329' title='bbox 1127 4003 1179 4077; x_wconf 88' lang='grc'>48,</span> <span class='ocrx_word' id='word_1_330' title='bbox 1200 4002 1229 4066; x_wconf 88' lang='grc'>6.</span> <span class='ocrx_word' id='word_1_331' title='bbox 1283 4000 1368 4063; x_wconf 80' lang='lat' dir='ltr'><strong>&#39;&#39;Ex-</strong></span> 
     </span>
     <span class='ocr_line' id='line_1_34' title="bbox 113 4099 1368 4186; baseline 0.002 -25"><span class='ocrx_word' id='word_1_332' title='bbox 113 4100 225 4181; x_wconf 87' lang='lat' dir='ltr'>templo</span> <span class='ocrx_word' id='word_1_333' title='bbox 249 4101 307 4162; x_wconf 81' lang='lat' dir='ltr'>insi</span> <span class='ocrx_word' id='word_1_334' title='bbox 330 4100 440 4181; x_wconf 78' lang='lat' dir='ltr'>fugati,</span> <span class='ocrx_word' id='word_1_335' title='bbox 462 4119 531 4162; x_wconf 83' lang='lat' dir='ltr'>mox</span> <span class='ocrx_word' id='word_1_336' title='bbox 552 4099 633 4161; x_wconf 90' lang='lat' dir='ltr'>intra</span> <span class='ocrx_word' id='word_1_337' title='bbox 655 4099 765 4162; x_wconf 87' lang='lat' dir='ltr'>vallum</span> <span class='ocrx_word' id='word_1_338' title='bbox 788 4113 933 4183; x_wconf 88' lang='lat' dir='ltr'>paventes</span> <span class='ocrx_word' id='word_1_339' title='bbox 955 4106 1113 4186; x_wconf 77' lang='lat' dir='ltr'>compulsi,</span> <span class='ocrx_word' id='word_1_340' title='bbox 1140 4112 1291 4184; x_wconf 87' lang='lat' dir='ltr'>postremo</span> <span class='ocrx_word' id='word_1_341' title='bbox 1313 4121 1368 4164; x_wconf 87' lang='lat' dir='ltr'>ex-</span> 
     </span>
     <span class='ocr_line' id='line_1_35' title="bbox 113 4201 383 4264; baseline 0 0"><span class='ocrx_word' id='word_1_342' title='bbox 113 4210 224 4264; x_wconf 90' lang='lat' dir='ltr'>uuntur</span> <span class='ocrx_word' id='word_1_343' title='bbox 246 4201 383 4264; x_wconf 81' lang='lat' dir='ltr'>eastris.”</span> 
     </span>
    </p>
   </div>
   <div class='ocr_carea' id='block_1_10' title="bbox 110 4315 1367 4703">
    <p class='ocr_par' dir='ltr' id='par_1_12' title="bbox 110 4307 1367 4703">
     <span class='ocr_line' id='line_1_36' title="bbox 196 4315 1367 4404; baseline 0.005 -24"><span class='ocrx_word' id='word_1_344' title='bbox 196 4315 386 4404; x_wconf 78' lang='lat' dir='ltr'>&#39;’Utrumque</span> <span class='ocrx_word' id='word_1_345' title='bbox 406 4320 440 4382; x_wconf 83' lang='lat' dir='ltr'>in</span> <span class='ocrx_word' id='word_1_346' title='bbox 461 4316 597 4381; x_wconf 82' lang='lat' dir='ltr'>adverbii</span> <span class='ocrx_word' id='word_1_347' title='bbox 617 4319 742 4383; x_wconf 81' lang='lat' dir='ltr'>modurn</span> <span class='ocrx_word' id='word_1_348' title='bbox 762 4330 866 4384; x_wconf 76' lang='lat' dir='ltr'>eontra</span> <span class='ocrx_word' id='word_1_349' title='bbox 886 4342 999 4386; x_wconf 79' lang='lat' dir='ltr'>morem</span> <span class='ocrx_word' id='word_1_350' title='bbox 1012 4332 1143 4387; x_wconf 74' lang='lat' dir='ltr'>aereum</span> <span class='ocrx_word' id='word_1_351' title='bbox 1158 4321 1296 4385; x_wconf 79' lang='lat' dir='ltr'>additum</span> <span class='ocrx_word' id='word_1_352' title='bbox 1310 4324 1367 4386; x_wconf 88' lang='lat' dir='ltr'>ad·</span> 
     </span>
     <span class='ocr_line' id='line_1_37' title="bbox 110 4417 1366 4508; baseline 0.006 -27"><span class='ocrx_word' id='word_1_353' title='bbox 110 4418 231 4502; x_wconf 79' lang='lat' dir='ltr'>jectivis</span> <span class='ocrx_word' id='word_1_354' title='bbox 252 4428 280 4483; x_wconf 84' lang='lat' dir='ltr'>et</span> <span class='ocrx_word' id='word_1_355' title='bbox 301 4417 398 4484; x_wconf 75' lang='lat' dir='ltr'>verbio</span> <span class='ocrx_word' id='word_1_356' title='bbox 415 4439 475 4504; x_wconf 75' lang='lat' dir='ltr'>pro</span> <span class='ocrx_word' id='word_1_357' title='bbox 489 4429 633 4503; x_wconf 70' lang='lat' dir='ltr'>quantem</span> <span class='ocrx_word' id='word_1_358' title='bbox 639 4421 716 4508; x_wconf 77' lang='lat' dir='ltr'>fieri</span> <span class='ocrx_word' id='word_1_359' title='bbox 725 4431 823 4504; x_wconf 81' lang='lat' dir='ltr'>potest</span> <span class='ocrx_word' id='word_1_360' title='bbox 833 4421 877 4507; x_wconf 77' lang='lat' dir='ltr'>(i)</span> <span class='ocrx_word' id='word_1_361' title='bbox 891 4424 921 4499; x_wconf 90' lang='lat'>1,</span> <span class='ocrx_word' id='word_1_362' title='bbox 933 4423 985 4498; x_wconf 87' lang='lat'>12,</span> <span class='ocrx_word' id='word_1_363' title='bbox 995 4424 1026 4486; x_wconf 85' lang='lat'>2.</span> <span class='ocrx_word' id='word_1_364' title='bbox 1049 4423 1080 4498; x_wconf 90' lang='grc'>5,</span> <span class='ocrx_word' id='word_1_365' title='bbox 1092 4422 1123 4498; x_wconf 92' lang='grc'>5,</span> <span class='ocrx_word' id='word_1_366' title='bbox 1134 4422 1165 4485; x_wconf 84' lang='lat'>2.</span> <span class='ocrx_word' id='word_1_367' title='bbox 1187 4423 1218 4497; x_wconf 92' lang='grc'>6,</span> <span class='ocrx_word' id='word_1_368' title='bbox 1229 4422 1283 4498; x_wconf 84' lang='lat'>20,</span> <span class='ocrx_word' id='word_1_369' title='bbox 1294 4425 1366 4489; x_wconf 84' lang='lat'>19.”</span> 
     </span>
     <span class='ocr_line' id='line_1_38' title="bbox 114 4513 1366 4606; baseline 0.007 -24"><span class='ocrx_word' id='word_1_370' title='bbox 114 4519 175 4582; x_wconf 81' lang='lat' dir='ltr'>Gir.</span> <span class='ocrx_word' id='word_1_371' title='bbox 188 4521 254 4583; x_wconf 86' lang='lat' dir='ltr'>Liv.</span> <span class='ocrx_word' id='word_1_372' title='bbox 278 4519 328 4596; x_wconf 87' lang='grc'>29,</span> <span class='ocrx_word' id='word_1_373' title='bbox 351 4520 401 4594; x_wconf 87' lang='grc'><em>15,</em></span> <span class='ocrx_word' id='word_1_374' title='bbox 426 4521 450 4584; x_wconf 93' lang='lat' dir='ltr'>l.</span> <span class='ocrx_word' id='word_1_375' title='bbox 484 4519 580 4592; x_wconf 79' lang='lat' dir='ltr'>’&#39;Quae</span> <span class='ocrx_word' id='word_1_376' title='bbox 602 4523 699 4586; x_wconf 88' lang='lat' dir='ltr'>dubiis</span> <span class='ocrx_word' id='word_1_377' title='bbox 720 4523 751 4584; x_wconf 88' lang='lat' dir='ltr'>in</span> <span class='ocrx_word' id='word_1_378' title='bbox 774 4525 862 4586; x_wconf 87' lang='lat' dir='ltr'>rebus</span> <span class='ocrx_word' id='word_1_379' title='bbox 883 4534 1032 4606; x_wconf 87' lang='lat' dir='ltr'>uteunque</span> <span class='ocrx_word' id='word_1_380' title='bbox 1054 4523 1183 4587; x_wconf 87' lang='lat' dir='ltr'>tolerata</span> <span class='ocrx_word' id='word_1_381' title='bbox 1198 4534 1307 4602; x_wconf 86' lang='lat' dir='ltr'>essent,</span> <span class='ocrx_word' id='word_1_382' title='bbox 1329 4513 1366 4591; x_wconf 82' lang='lat' dir='ltr'>aa</span> 
     </span>
     <span class='ocr_line' id='line_1_39' title="bbox 115 4621 389 4703; baseline 0.011 -22"><span class='ocrx_word' id='word_1_383' title='bbox 115 4639 173 4682; x_wconf 90' lang='lat' dir='ltr'>non</span> <span class='ocrx_word' id='word_1_384' title='bbox 195 4622 273 4684; x_wconf 89' lang='lat' dir='ltr'>ultro</span> <span class='ocrx_word' id='word_1_385' title='bbox 295 4621 389 4703; x_wconf 90' lang='lat' dir='ltr'>pati.”</span> 
     </span>
    </p>
   </div>
   <div class='ocr_carea' id='block_1_11' title="bbox 0 0 1636 5332">
    <p class='ocr_par' dir='ltr' id='par_1_13' title="bbox 0 0 1636 5332">
     <span class='ocr_line' id='line_1_40' title="bbox 0 0 1636 5332; baseline 0 2"><span class='ocrx_word' id='word_1_386' title='bbox 0 0 1636 5332; x_wconf 95' lang='lat' dir='ltr'> </span> 
     </span>
    </p>
   </div>
  </div>
 </body>
</html>
