3264 5332
142 455 180 507 14
633 449 660 502 J.
683 448 714 503 P.
738 449 905 520 Lagergren.

141 623 236 696 niam,
260 631 378 702 neptem
401 621 555 701 Calpurnii
576 623 703 696 Fabati,
731 622 883 686 mulierem
906 622 1052 686 eruditam
1076 641 1249 704 morumque
1270 623 1401 703 integri-

140 736 205 786 tate
232 723 386 802 insignem.
430 722 476 784 De
504 723 582 784 illius
603 724 720 785 feminas
748 723 910 804 cupiditate
933 723 1079 797 discendi,
1105 724 1241 803 ingenio,
1273 724 1400 786 virtuti-

141 825 196 887 bus
227 843 307 904 saepe
340 823 519 884 mentionem
542 824 614 886 facit
627 820 672 908 ¹),
704 845 758 886 nec
784 822 905 903 indigua
932 823 1050 886 videtur
1077 824 1186 898 luisse,
1218 845 1307 906 quarn
1330 825 1399 886 Pli-

142 926 208 988 nius
242 923 385 1004 singulari
415 944 515 986 amore
551 926 789 1005 amplecteretur.
842 925 1020 1005 Incorrupta
1051 925 1128 987 enim
1155 925 1213 988 lide
1240 934 1271 988 et
1302 925 1398 988 casti-

142 1035 221 1100 tate,
243 1024 405 1088 virtutibus
427 1025 477 1086 illo
498 1035 631 1106 tempore
652 1026 745 1100 raris,
766 1025 875 1088 idonea
890 1025 957 1098 luit,
980 1045 1045 1106 quae
1058 1045 1113 1087 sua
1132 1027 1259 1088 caritate
1274 1027 1396 1088 beatum

143 1128 274 1189 efficeret
295 1126 469 1206 conjugium.
514 1126 617 1207 Neque
644 1146 716 1188 vero
738 1146 776 1187 ex
798 1126 849 1187 illa
871 1124 1035 1207 Calpurnia
1056 1146 1152 1208 neque
1174 1147 1213 1188 ex
1234 1127 1352 1190 duabus
1365 1125 1397 1210 ²)

143 1229 268 1302 ceteris,
288 1247 362 1308 quas
384 1227 524 1299 duxerat,
545 1228 687 1290 uxoribus
710 1227 819 1290 liberos
841 1227 1023 1305 procreavit,
1051 1237 1142 1308 atque
1163 1228 1302 1290 orbitatis
1316 1227 1396 1290 illius

143 1330 282 1392 miserum
314 1339 381 1390 erat
412 1328 552 1390 solatium
572 1328 623 1407 jus
655 1328 746 1390 trium
776 1326 935 1388 liberorum
968 1327 995 1388 ei
1017 1347 1037 1389 a
1057 1328 1188 1409 Trajano
1210 1348 1395 1392 concessum.

142 1431 226 1492 Talis
249 1432 309 1492 lere
331 1429 387 1490 luit
402 1430 521 1510 privata
535 1429 626 1491 Plinii
641 1430 706 1490 vita
721 1428 822 1490 multis
838 1426 993 1501 amicitiis,
1015 1429 1103 1492 beato
1119 1429 1265 1510 conjugio,
1288 1448 1397 1509 magna

141 1534 261 1594 lortnrm
282 1529 439 1604 distincta,
460 1550 519 1612 qua
542 1531 661 1592 fortuna
682 1528 761 1591 haud
783 1527 938 1608 indignum
959 1548 991 1590 se
1012 1531 1162 1609 praestitit.

222 1936 294 2000 Jam
317 1952 401 2006 vero,
434 1941 595 2011 antequam
618 1929 776 2009 adipsum
809 1927 1005 1993 elocutionem
1037 1931 1139 2005 venio,
1171 1933 1276 2012 paucis
1298 1933 1394 2014 expli-

140 2038 245 2100 canda
277 2043 350 2098 sunt
381 2051 494 2104 causae,
528 2051 580 2092 cur
606 2030 662 2092 hoc
689 2019 763 2112 opus
788 2033 980 2111 susceperim.
1023 2032 1101 2096 Nam
1125 2033 1249 2096 forsitan
1273 2053 1393 2115 operam

140 2137 304 2221 perdidisse
333 2134 446 2206 videar,
473 2151 540 2194 curu
567 2131 683 2211 suscepi
705 2151 765 2193 rem
788 2141 965 2208 retractare,
987 2134 1023 2196 de
1044 2153 1104 2215 qua
1125 2134 1183 2196 duo
1204 2135 1260 2197 viri
1281 2136 1394 2198 doctis·

139 2240 208 2304 simi
221 2235 388 2318 separatim
404 2232 600 2313 scripserunt,
621 2233 706 2294 1118.
719 2230 942 2318 Oestliugius³)
958 2242 989 2296 et
1003 2235 1043 2296 Η.
1056 2233 1235 2296 Holstenius
1244 2235 1285 2320 ⁴).
1318 2236 1393 2299 Cum

140 2360 211 2403 vero
233 2335 418 2415 Oestlingius
440 2351 552 2413 pancas
574 2333 662 2395 modo
684 2352 733 2395 res
755 2352 865 2415 easque
887 2334 961 2396 satis
982 2335 1088 2397 leviter
1101 2336 1247 2416 attigerit,
1270 2357 1330 2399 uon
1345 2339 1395 2399 la-

140 2442 196 2504 cile
220 2458 258 2500 ex
279 2438 342 2516 ejus
364 2433 569 2515 disputatione
592 2443 691 2514 potest
712 2434 862 2514 cognosci,
893 2436 990 2516 qualis
1014 2435 1135 2498 omnino
1158 2437 1245 2499 fuerit
1266 2438 1394 2501 elocutio

140 2540 243 2604 Plinii.
286 2535 444 2616 copiosius
465 2534 642 2596 Holstenius
674 2535 857 2616 disputavit,
889 2536 939 2617 qui
965 2537 997 2599 in
1018 2536 1116 2618 priore
1138 2538 1281 2617 opusculo
1302 2558 1394 2600 voca-

140 2641 214 2705 bula
244 2639 410 2700 litterarum
444 2635 547 2714 ordine
574 2636 724 2716 descripte
749 2637 950 2713 enumeravit,
983 2657 1048 2717 quae
1068 2637 1184 2700 Plinius
1207 2657 1285 2700 nova
1307 2640 1393 2714 iecit,

140 2742 247 2824 quibus
279 2756 388 2801 novam
417 2739 476 2798 vim
498 2737 656 2816 imposuit,
688 2757 753 2818 quae
782 2737 808 2798 ei
836 2757 902 2798 cum
929 2738 1092 2819 aequalibus
1113 2739 1283 2801 communia
1304 2751 1392 2815 sunt,

141 2845 170 2906 in
194 2839 356 2923 posteriore
377 2846 476 2901 autem
498 2835 625 2900 ”umbo''
647 2837 849 2910 enumeravit,
880 2857 946 2918 quae
978 2839 1092 2901 Plinius
1114 2859 1132 2900 a
1154 2840 1252 2919 politis
1275 2859 1396 2902 usum-

140 2944 218 3024 psit,
250 2951 282 3003 et
313 2957 479 3021 perpaucas
506 2957 554 2998 res
583 2939 620 3000 ad
649 2940 795 3001 rationem
817 2939 1043 3018 grammaticam
1072 2939 1258 3020 pertinentes
1283 2941 1397 3021 attigit.

141 3044 202 3108 Sed
224 3041 345 3114 dubito,
377 3059 447 3101 uum
470 3039 600 3118 majores
628 3041 743 3103 fructus
770 3059 807 3101 ex
829 3038 876 3100 his
899 3039 1152 3121 disputationibus
1174 3040 1243 3120 capi
1263 3042 1397 3122 possint,

141 3164 212 3207 nam
234 3144 362 3224 primum
383 3139 413 3201 in
436 3147 484 3202 tot
505 3148 666 3222 tantosque
688 3159 804 3202 errores
824 3139 948 3214 incidit,
976 3150 1011 3202 nt
1031 3141 1195 3221 periculum
1217 3140 1276 3215 sit,
1300 3161 1336 3204 ns
1358 3142 1397 3217 ii,

140 3246 191 3328 qni
213 3246 332 3324 legunt,
353 3240 454 3321 pravis
475 3241 667 3320 opinionibus
689 3241 873 3314 imbuantur,
904 3240 1011 3303 deiude
1032 3241 1106 3304 nihil
1127 3240 1208 3304 aliud
1230 3242 1318 3315 iecit,
1339 3243 1398 3304 nisi

140 3348 208 3427 ipsa
234 3344 328 3406 verba
349 3342 514 3404 litterarum
537 3343 639 3405 ordine
661 3343 810 3423 descripta
831 3342 1026 3417 enumeravit,
1050 3341 1182 3423 adeoque
1205 3342 1279 3405 nibil
1300 3344 1337 3404 de
1359 3343 1397 3406 iis

141 3445 323 3528 disputavit,
344 3450 379 3504 ut
387 3462 467 3523 sape
478 3443 684 3505 difficillimum
695 3443 746 3516 sit,
768 3442 962 3523 quiddictum
975 3443 1113 3516 voluerit,
1134 3442 1311 3523 intelligere,
1332 3453 1396 3506 tnm

141 3567 200 3610 non
217 3545 291 3608 satis
306 3543 446 3606 distinxit
464 3544 557 3606 verba
572 3553 603 3606 et
616 3545 795 3616 locutiones,
817 3560 883 3623 quae
903 3543 960 3606 nisi
975 3544 1056 3625 apud
1071 3550 1176 3625 poetas
1191 3552 1223 3605 at
1237 3555 1396 3623 argentea,

141 3668 208 3730 qum
225 3655 360 3718 vocatur,
382 3644 483 3706 aetatis
503 3644 662 3725 scriptores
683 3663 743 3707 non
762 3643 967 3719 inveniuntur,
989 3646 1028 3708 ab
1051 3645 1104 3717 iis,
1126 3663 1191 3724 quae
1213 3643 1395 3720 Sallustius,

140 3747 260 3820 Livius,
282 3745 349 3820 alii,
371 3744 472 3825 quiin
494 3745 597 3807 eodem
619 3764 742 3808 numero
762 3755 850 3816 sunt,
877 3745 1037 3826 scriptores
1058 3747 1088 3808 in
1112 3745 1245 3824 linguam
1267 3745 1396 3808 induxe-

142 3858 227 3922 runt,
255 3855 405 3929 postremo
429 3864 514 3926 aequo
543 3847 638 3908 levius
663 3844 889 3926 grammaticam
915 3848 1061 3909 rationem
1083 3845 1236 3908 tractavit
1280 3846 1395 3927 Saepis-

140 3949 214 4012 sime
246 3968 282 4010 ne
314 3946 412 4010 lexioa
437 3945 557 4028 quidem
578 3947 654 4010 satis
676 3947 833 4027 diligenter
852 3946 1000 4026 inspexit,
1032 3947 1085 4008 sed
1113 3947 1143 4007 iu
1166 3945 1264 4026 priore
1285 3946 1393 4009 saltem

140 4050 345 4133 disputatione
366 4047 581 4111 conscribenda
602 4049 697 4110 solum
720 4047 835 4110 lexicon
859 4048 1029 4111 Forcellinii
1050 4055 1171 4110 secutus
1185 4066 1251 4108 esse
1265 4048 1394 4121 videtur,

188 4236 215 4302 ¹)
238 4238 268 4300 4,
293 4238 339 4291 19.
363 4237 391 4299 6,
414 4233 444 4289 4.
468 4235 496 4298 6,
520 4233 547 4288 i.
571 4233 599 4297 i,
624 4234 651 4288 5.

185 4323 215 4393 ²)
237 4325 288 4379 Cir.
311 4323 426 4385 Geialsr,
446 4323 504 4376 ”De
525 4320 604 4375 Plinii
628 4319 737 4374 minoris
758 4317 840 4374 vita?
868 4318 982 4372 Breslsu
1009 4315 1098 4372 1862.
1121 4333 1185 4388 pag.
1209 4315 1237 4372 2.

183 4405 206 4476 ³)
228 4413 285 4465 ”De
306 4410 468 4464 Elouetione
490 4407 571 4462 Plinii
593 4406 705 4460 Minoris
727 4422 745 4460 a
766 4422 831 4460 vere
852 4403 983 4466 Classica,
1007 4419 1087 4472 quam
1110 4408 1225 4467 vocant,
1248 4421 1300 4457 nou
1323 4403 1391 4458 nibil

138 4496 324 4559 abhorrente'',
346 4495 473 4567 Upsaliae.

182 4580 205 4650 ⁴)
226 4586 284 4640 ”De
304 4584 466 4638 Elocutinne
487 4577 568 4633 Plinii
591 4576 722 4638 minoria”‚
750 4576 911 4646 Naumburg
937 4572 1026 4628 1862.
1048 4575 1142 4646 Progr.
1169 4603 1202 4614 ·-
1229 4574 1288 4630 ”De
1308 4574 1390 4628 Plinii

136 4671 248 4726 Minoris
269 4670 457 4731 Elocutinne’',
480 4666 638 4736 Disputatio
661 4665 766 4719 Altera.
809 4660 994 4732 Magdeburgi
1020 4660 1110 4716 1869.
