3226 5332
740 409 766 467 J.
790 409 821 466 P.
843 410 1011 484 Lagergren.

776 586 826 670 uo
849 587 975 672 110010.

331 745 520 810 1001006000
547 745 665 828 ponitur
692 746 722 810 in
750 748 883 810 oratione
905 747 1041 829 obliqua,
1074 747 1158 828 cnjus
1185 754 1343 811 structurae
1365 766 1402 810 ne
1424 747 1499 828 apud

251 849 380 934 optimos
403 848 519 929 quidem
541 847 700 929 scriptores
723 848 833 913 desunt
854 845 1051 932 exempla1).

334 949 480 1014 Additum
504 957 551 1012 est
582 955 616 1011 nt
647 947 779 1029 pecuniae
810 969 886 1032 quas
918 948 1115 1014 creditoribus
1139 947 1265 1013 solverat
1291 957 1501 1012 revocarentur

250 1053 280 1128 3,
301 1049 332 1127 9,
356 1046 404 1113 17.
448 1047 571 1121 000000
599 1051 728 1114 fortasse
762 1051 1010 1132 quemadmodum
1040 1051 1173 1114 evenerit
1194 1059 1228 1113 ut
1249 1049 1353 1131 poeuis
1375 1048 1406 1112 in
1429 1068 1500 1130 quas

251 1149 495 1216 dementiorem
516 1149 740 1214 exsolverentur
763 1151 812 1225 10,
834 1152 871 1214 31
897 1148 980 1236 (40),
1002 1152 1031 1216 4.
1063 1151 1174 1215 Μο1100
1196 1151 1392 1214 Nominatum
1415 1151 1501 1214 101000

252 1255 415 1328 laetorum,
447 1250 474 1314 01
499 1271 622 1314 causam
650 1251 858 1316 Vicetinorum
887 1253 990 1316 eodem
1015 1252 1114 1316 auimo
1142 1271 1200 1336 quo
1232 1260 1405 1336 susceperat
1435 1270 1502 1333 per-

252 1355 372 1420 tulisset
393 1353 422 1428 6,
447 1352 484 1415 13
506 1349 590 1437 (14),
611 1352 641 1416 4.
727 1421 729 1428 ,

333 1455 410 1519 Post
430 1453 503 1517 dum
524 1454 703 1535 particulam
718 1453 782 1518 hac
796 1460 949 1517 structure
964 1453 1039 1517 satis
1054 1455 1190 1536 frequens
1209 1462 1255 1517 est
1265 1453 1415 1535 praecipue
1426 1454 1503 1535 apud

250 1576 346 1621 rerum
378 1554 539 1637 scriptores
553 1547 590 1642 2).
633 1554 678 1618 Ut
709 1554 782 1618 mihi
815 1555 914 1619 omnia
943 1555 1035 1619 libers
1061 1575 1224 1631 servarem,
1256 1554 1330 1618 dum
1350 1555 1502 1617 Mauricus

249 1657 328 1724 uenit
350 1658 378 1732 1,
398 1657 429 1732 6,
453 1654 500 1718 15.
543 1655 588 1721 Ut
608 1655 697 1720 duces
719 1674 821 1737 agere,
843 1655 917 1720 dum
936 1665 1085 1733 secantur,
1108 1657 1321 1721 adsuescerent
1341 1653 1373 1732 8,
1398 1655 1447 1732 14,
1468 1655 1496 1719 5.

333 1755 522 1834 Indicotr'oas
553 1756 689 1838 sequitur
714 1765 783 1840 post
803 1776 864 1820 000
885 1757 973 1841 quio:
1004 1754 1077 1820 Non
1098 1756 1172 1843 0010
1192 1766 1226 1822 tn
1251 1764 1285 1819 nt
1312 1755 1356 1820 ita
1378 1757 1505 1822 iacerem

248 1858 351 1948 petisti
371 1857 400 1934 9,
415 1858 465 1922 38.
494 1855 572 1942 (010.
594 1858 698 1922 Ρ1000.
720 1858 771 1934 32,
792 1852 842 1923 78.
864 1858 930 1924 Liv.
954 1860 1003 1933 10,
1022 1858 1073 1934 41,
1096 1859 1145 1922 12.
1166 1858 1218 1934 40,
1237 1858 1288 1934 33,
1310 1857 1340 1930 2,
1361 1857 1400 1922 01.
1429 1865 1505 1940 post

253 1961 340 2026 ''Non
363 1958 461 2042 quod*
484 1979 566 2042 sequ.
588 1959 655 2022 Iud.
678 1958 740 2022 Cic.
762 1959 839 2041 Rep.
865 1961 892 2035 1,
916 1959 963 2036 18,
985 1960 1035 2023 30.
1049 1960 1089 2043 ³).

333 2057 669 2146 Pluepaomperssctum
692 2067 744 2123 aut
765 2060 974 2147 imperfectum
994 2059 1159 2124 Indirotios'
1179 2059 1208 2123 10
1226 2059 1351 2142 0000001
1367 2059 1505 2124 enuntia·

250 2163 341 2230 tionis
359 2161 568 2226 conditionalis
591 2171 763 2243 usurpatur,
784 2162 889 2226 addita
906 2158 1505 2247 0001001000010000001.0011000000.

333 2266 459 2329 Temere
484 2262 604 2350 jecerat
629 2264 748 2339 Nerva,
779 2264 806 2326 01
840 2264 1014 2346 adoptasset
1045 2264 1137 2327 alium
1169 2264 1247 2327 Pan.
1268 2261 1342 2349 8⁴).
1397 2261 1506 2326 Actum

250 2375 315 2434 eret
337 2368 373 2430 de
396 2365 609 2430 secundissima
631 2373 731 2446 gente,
752 2364 778 2428 si
801 2365 895 2428 libera
916 2366 1021 2428 luisset
1042 2364 1118 2428 Pan.
1140 2365 1189 2427 31.
1226 2363 1361 2436 Quorum
1384 2364 1411 2426 si
1433 2362 1505 2428 nihil

251 2469 338 2533 nobie
360 2475 469 2530 natura
490 2474 658 2548 prestaret,
678 2466 852 2551 copaditum
872 2475 937 2530 erat
958 2466 1122 2530 cataractis
1144 2486 1229 2549 aquae
1250 2484 1368 2530 cursum
1391 2474 1505 2547 tempe-

251 2589 318 2634 rare
344 2567 392 2643 10,
414 2567 451 2632 61
476 2562 560 2652 (69),
582 2566 611 2630 4.
655 2563 737 2630 Erat
758 2567 892 2642 modica,
914 2566 941 2630 si
963 2567 1124 2649 prinoipem
1147 2566 1294 2648 cogitares
1316 2563 1347 2641 6,
1369 2567 1420 2642 31,
1445 2566 1492 2630 13.

332 2670 368 2733 10
387 2668 548 2732 sententiis
569 2665 702 2732 relativis
724 2668 906 2732 indicativus
927 2667 1048 2752 ponitur
1068 2667 1164 2732 minus
1186 2668 1306 2744 usitate,
1328 2666 1380 2730 ubi
1397 2686 1504 2730 oausa-

250 2772 307 2835 lem
329 2770 389 2833 vim
412 2769 539 2834 habent:
566 2769 668 2832 Possis
690 2787 728 2832 ex
749 2770 805 2835 hoc
827 2771 924 2834 iacere
947 2769 1164 2851 conjecturam,
1186 2788 1274 2851 quem
1297 2769 1339 2832 sit
1360 2769 1503 2831 emende-

249 2881 299 2936 tus
321 2870 512 2946 adulescens,
540 2870 590 2951 qui
612 2890 631 2932 0
652 2871 837 2952 gravissimis
865 2871 985 2934 senibus
1007 2871 1050 2934 010
1071 2878 1194 2932 ornatur
1214 2870 1245 2945 4,
1267 2863 1318 2944 27,
1339 2868 1369 2933 6.
1413 2869 1504 2934 Scili-

248 2979 297 3037 cet
324 2972 372 3054 qui
393 2970 547 3056 requisisti
568 2969 598 3045 6,
621 2971 671 3045 20,
692 2972 743 3034 20.
787 2971 910 3044 Quanto
931 2982 966 3035 tu
989 2971 1167 3054 quandoque
1189 2970 1306 3052 dignior
1328 2970 1428 3045 coelo,
1457 2969 1504 3052 qui

248 3081 295 3137 tot
316 3093 363 3137 res
385 3073 445 3136 illis
467 3069 602 3156 adjecisti
628 3071 704 3135 Pan.
731 3071 781 3136 36.
824 3071 903 3159 (800
925 3074 980 3136 010.
1002 3070 1144 3152 Madvig,
1167 3071 1259 3135 ”Let.
1282 3071 1503 3152 Sprechlehre'’

247 3175 262 3258 §
283 3173 355 3250 366,
377 3173 461 3238 Anu.
485 3170 529 3258 1).

330 3374 419 3447 Quod
441 3375 550 3440 attinet
572 3377 611 3439 ad
632 3396 719 3440 usum
741 3373 923 3459 conjunctivi
944 3373 1024 3437 modi
1046 3374 1126 3454 apud
1141 3374 1290 3452 Plinium,
1312 3376 1441 3457 primum
1457 3385 1503 3441 est

247 3477 535 3541 commemorandum
558 3478 653 3541 solum
676 3477 895 3558 conjunctivum
918 3475 1027 3556 saepius
1042 3494 1131 3558 quam
1149 3477 1229 3556 apud
1244 3487 1360 3541 veteres
1374 3478 1500 3560 scripto-

248 3599 297 3643 res
319 3577 450 3661 positum
473 3596 538 3641 0000
559 3598 612 3660 000
634 3588 668 3641 ut
688 3577 837 3660 particula
857 3596 938 3659 sequ.
957 3577 1051 3657 conj.,
1073 3576 1157 3639 velut
1171 3585 1241 3658 post
1255 3597 1376 3642 censere
1391 3577 1421 3656 6,
1432 3577 1463 3654 9,
1474 3582 1501 3641 2.

248 3679 364 3762 000000
396 3677 430 3755 6,
455 3679 494 3741 14
515 3678 604 3765 (16),
625 3678 654 3744 9.
703 3677 889 3742 Denuntiare
921 3674 955 3753 6,
978 3678 1029 3752 31,
1053 3677 1100 3739 12.
1156 3677 1322 3742 Exhortari
1352 3681 1431 3744 Pan.
1452 3678 1500 3744 69.

246 3781 429 3855 1001100006,
453 3774 502 3856 17,
523 3780 551 3843 4.
587 3781 700 3844 Jubere
722 3779 752 3857 6,
774 3780 825 3856 20,
849 3779 896 3841 12.
932 3778 1038 3842 Licere
1062 3779 1090 3855 1,
1110 3775 1140 3854 6,
1161 3779 1190 3842 3.
1215 3780 1242 3854 l,
1264 3773 1293 3854 7,
1308 3779 1337 3843 4.
1360 3780 1391 3856 4,
1409 3781 1458 3856 14,
1472 3779 1499 3844 9.

294 4027 313 4101 1)
335 4033 387 4090 010.
402 4035 544 4098 Kiilrnast,
567 4033 584 4088 l.
597 4033 613 4087 l.
636 4034 703 4106 Pag.
717 4033 787 4090 235.
816 4031 936 4104 Madvig.
958 4032 1033 4088 ”Lot
1049 4031 1244 4103 Sprechlehre”
1265 4029 1368 4104 ᾗ369,
1392 4040 1462 4090 Ann.
1475 4033 1500 4089 2.

289 4116 313 4190 ²)
334 4121 386 4176 Cir.
409 4121 529 4193 Madvig,
555 4121 632 4176 '’Let.
647 4121 842 4192 Sprechlehre”
863 4117 881 4190 ἓ
905 4119 977 4185 369,
999 4123 1071 4176 sun.
1087 4119 1114 4175 3.
1149 4121 1272 4193 Draeger,
1294 4122 1311 4176 l.
1328 4122 1345 4176 l.
1367 4122 1435 4195 Peg.
1453 4122 1499 4178 67.

246 4206 298 4264 cia
319 4207 397 4262 Rosa
420 4213 482 4264 Am.
507 4207 556 4272 26,
581 4206 628 4262 70.

290 4287 312 4361 ³)
335 4294 387 4349 Cir.
407 4293 536 4367 Madvig,
566 4294 642 4349 ”Lat
664 4293 858 4365 Sprechlehre”
885 4288 904 4361 ξ
927 4289 998 4356 367,
1021 4292 1047 4347 b.
1090 4293 1228 4357 Kilhnest,
1257 4293 1274 4349 1.
1296 4294 1313 4348 1.
1335 4293 1404 4367 Peg,
1429 4293 1499 4348 240.

245 4382 368 4454 Draeger,
391 4382 445 4438 1.1.
466 4382 535 4454 Peg.
559 4380 607 4436 63.

289 4464 313 4535 ⁴)
336 4468 387 4525 010.
410 4474 509 4538 praeter
537 4463 718 4538 Madvigium,
746 4463 823 4518 ”Lat
846 4461 1041 4532 Sprechlehre’
1063 4462 1080 4535 ξ
1104 4464 1175 4529 348,
1199 4468 1239 4534 0.,
1267 4466 1421 4528 Johanson,
1443 4465 1498 4520 ”De

245 4571 297 4610 usu
320 4557 459 4610 modorum
482 4555 509 4609 in
532 4553 621 4610 verbis
644 4553 772 4614 ”debere,
795 4565 890 4618 posse,
913 4550 987 4616 sim'’,
1009 4552 1076 4625 Peg.
1091 4552 1140 4618 24,
1156 4570 1230 4624 sequ.
1268 4553 1393 4624 Upealire
1410 4547 1498 4607 1808.

244 4641 390 4708 Kllhnast,
411 4643 460 4699 1.1.
482 4643 549 4714 Peg.
574 4639 644 4696 226.
679 4641 801 4712 Draeger,
824 4636 841 4690 l.
859 4636 876 4692 l.
898 4639 965 4713 Peg.
989 4637 1040 4694 66.
