3226 5332
220 452 278 506 102
710 453 734 507 J.
759 452 788 506 P.
811 451 978 524 [aagengran.

219 645 404 707 nequaquam
439 625 607 706 repudiavit
640 627 744 688 Cicero
778 624 855 710 (Cir.
886 626 922 688 de
948 625 1000 687 Or.
1026 626 1058 700 2,
1082 623 1131 698 63,
1154 622 1224 685 266.
1279 619 1472 685 '’Cavenduru

218 738 278 798 ast,
301 746 337 786 ne
361 727 535 788 arcessitum
559 726 669 788 dictum
694 727 841 807 putetur.''
864 724 928 810 11).

301 825 462 887 flaucatus.
507 823 675 888 Areuaturn
698 827 817 900 dicitnr,
839 829 917 909 quod
940 829 969 890 in
993 828 1112 889 modum
1135 845 1224 888 arcus
1247 834 1406 888 curvatum
1422 834 1474 886 est.

221 927 347 987 Videtur
370 947 447 1007 aqua
470 928 574 989 debere
604 928 724 1007 perduci
753 938 878 990 arcuato
900 948 991 1009 opere
1016 928 1063 1001 10,
1085 921 1126 989 37
1148 925 1230 1010 (46),
1252 929 1282 988 2.
1311 923 1385 1010 (01.
1407 925 1474 986 Liv.

221 1025 383 1109 Frontin.).

302 1125 454 1189 Attonitus
481 1147 533 1209 pro
557 1127 711 1210 perculso,
741 1128 932 1212 perturbato,
963 1128 1122 1212 perterrito
1156 1128 1273 1190 dicitnr.
1320 1127 1382 1190 Diu
1412 1128 1474 1205 jam

221 1230 249 1289 in
275 1229 345 1289 urbe
368 1229 474 1302 hereo,
496 1238 526 1290 et
549 1229 667 1310 quidem
690 1229 831 1291 attonitus
856 1230 882 1302 1,
898 1231 949 1303 22,
965 1232 992 1291 1.
1017 1225 1237 1304 1111117.
1260 1231 1336 1292 Pan.
1352 1229 1403 1292 38.
1427 1228 1475 1290 48.

220 1329 269 1391 68.
292 1324 340 1389 76.
374 1330 481 1412 (Verg.
504 1329 558 1392 Ov.
583 1330 655 1392 Sall.
679 1331 759 1392 Hist.
787 1333 811 1403 l,
833 1329 883 1392 88.
905 1330 972 1391 Liv.
996 1328 1101 1413 post).

303 1429 428 1491 Anderae
452 1449 503 1508 pro
525 1429 643 1492 audaci.
682 1431 760 1492 Puer
782 1431 900 1511 qnidam
922 1430 1082 1494 audentior
1103 1432 1208 1493 ceteris
1231 1430 1260 1503 9,
1279 1432 1331 1504 33,
1349 1429 1379 1492 4.
1420 1431 1476 1492 Vi-

220 1551 270 1591 sus
297 1549 329 1590 es
357 1530 427 1590 milri
452 1531 613 1591 adnotasse
637 1532 773 1612 quadam
799 1542 830 1593 ut
853 1532 993 1610 inproba,
1016 1551 1082 1613 quau
1104 1552 1156 1612 ego
1179 1530 1324 1594 audentio
1346 1532 1476 1593 arbitra·

223 1633 275 1693 bar
296 1629 326 1702 9,
350 1629 399 1703 26,
422 1631 450 1692 6.
475 1629 583 1715 (Verg.
606 1631 662 1694 Ov.
686 1633 757 1692 Tnc.
780 1631 851 1693 Val.
875 1633 1000 1714 Placc.).

303 1729 486 1816 Auspicotus
509 1751 561 1811 pro
576 1729 698 1813 foresto,
720 1730 810 1810 felici.
847 1734 925 1794 Erat
947 1731 1225 1815 auspicatissimum
1245 1733 1376 1795 natalem
1393 1744 1475 1796 tuum

221 1834 249 1894 iu
273 1831 429 1912 provincia
451 1832 600 1894 celebrare
625 1833 672 1905 10,
699 1829 734 1893 17
757 1830 840 1916 (28),
864 1836 893 1894 2.
917 1833 1006 1915 (Ηο1.
1023 1831 1139 1895 'Catull
1164 1835 1266 1915 post).

303 1931 442 1996 Ecoctns
470 1936 506 1995 de
534 1933 651 1995 homine
679 1934 786 1995 dicitur
813 1954 865 2014 pro
888 1932 1038 2018 dilipcnte.
1082 1935 1136 1996 llle
1163 1935 1340 2015 obsequium
1372 1935 1476 1998 Servi-

222 2054 294 2108 ano,
317 2035 505 2096 sanctissimo
527 2034 605 2106 viro,
629 2035 771 2115 praestitit
792 2035 822 2108 8,
845 2036 894 2109 23,
917 2034 946 2096 6.
969 2033 1046 2120 (Cir.
1069 2035 1124 2097 Ov.
1141 2038 1225 2098 Past.
1242 2039 1270 2108 3,
1283 2035 1354 2098 383.
1388 2037 1475 2098 ''Ma-

221 2137 332 2198 rnurius
360 2154 473 2197 rnorurn
503 2135 635 2195 fabraene
664 2136 798 2198 exactior
825 2136 928 2197 artis.''
973 2137 1019 2198 De
1047 2137 1135 2197 rebus
1165 2157 1217 2216 per·
1242 2137 1474 2199 translationem

220 2237 330 2316 saepins
352 2245 520 2314 usurpatur.
564 2235 624 2297 ort.
647 2236 714 2298 Liv.
738 2238 767 2310 3,
782 2236 812 2308 6,
830 2237 876 2298 12.
899 2234 1035 2298 ’'Exaoto
1052 2237 1202 2298 nurnero.''
1227 2235 1282 2300 Ov.
1295 2237 1388 2300 Pont.
1400 2237 1430 2313 4,
1445 2236 1475 2312 9,

222 2336 271 2398 46.
309 2337 447 2398 ’'Exacta
469 2335 556 2396 fide.’'
593 2337 662 2397 Seu.
685 2338 742 2415 Ep.
764 2336 794 2409 8,
817 2339 836 2398 2
857 2332 938 2420 (71).
954 2336 1002 2398 28.
1031 2335 1175 2399 '’Exactae
1199 2338 1339 2400 virtutis”
1364 2337 1430 2422 al).

304 2433 467 2498 Ecercitns
488 2436 565 2515 apud
590 2437 718 2515 optimos
740 2438 901 2516 scriptores
929 2438 979 2498 vix
1001 2437 1110 2499 dicitur
1132 2437 1188 2500 uisi
1211 2440 1246 2499 de
1270 2439 1476 2501 animantibus

222 2555 274 2617 pro
294 2536 419 2614 jactato,
442 2535 492 2596 sed
516 2545 672 2616 postquam
697 2545 793 2617 pobtae
817 2538 962 2600 derebus
985 2557 1091 2617 ponere
1114 2548 1275 2618 coeperunt
1291 2536 1365 2622 (Ov.
1382 2539 1475 2602 Trist.

222 2637 256 2710 5,
279 2636 311 2712 6,
333 2635 388 2699 491
425 2637 591 2698 ”Adversis
620 2640 754 2718 probitas
783 2639 917 2702 exercita
940 2636 1076 2723 rebus”),
1105 2639 1284 2719 posteriores
1313 2640 1474 2720 scriptores

224 2747 405 2819 usurparunt
439 2741 497 2799 lere
526 2759 577 2819 pro
608 2740 714 2822 proci,
749 2739 877 2804 molesto.
920 2740 1027 2802 Patiar
1055 2759 1124 2819 ergo
1150 2751 1286 2805 aestatem
1309 2742 1474 2824 inquietam

223 2841 307 2901 vobis
335 2841 553 2923 coercitonrque
586 2837 790 2905 transcurrere
822 2839 850 2915 7,
873 2844 903 2916 2,
925 2844 956 2904 2.
1000 2841 1140 2904 Statinae
1169 2842 1298 2905 11111111
1326 2846 1403 2906 Pan.
1426 2842 1475 2907 86.

222 2941 309 3024 (Tac.
332 2942 393 3003 Cfr.
417 2941 477 3002 Cic.
501 2941 564 3003 Mil.
589 2945 617 3015 2,
639 2939 684 3026 6)
900 3007 901 3014 ,

305 3040 453 3105 Eutortus
476 3042 584 3104 dicitur
606 3043 710 3117 bomo,
734 3043 817 3122 cujus
840 3043 976 3105 membra
999 3044 1100 3105 morbo
1123 3044 1221 3123 aliquo
1244 3044 1375 3106 distorta
1396 3055 1476 3117 sunt,

222 3143 299 3205 sicut
332 3144 410 3221 apud
442 3142 508 3203 Liv.
534 3144 585 3218 32,
607 3143 656 3216 38,
677 3145 708 3220 8,
731 3146 768 3205 al.
793 3145 903 3206 extorti
936 3144 1083 3217 dicuntur,
1117 3144 1166 3225 qui
1196 3153 1345 3207 tormento
1369 3164 1475 3209 excru-

222 3244 293 3306 ciati
327 3254 357 3306 et
390 3244 509 3305 distorti
542 3253 621 3306 sunt.
665 3246 812 3308 Omnibus
846 3245 985 3307 membris
1018 3253 1149 3308 autentus
1178 3255 1208 3306 et
1238 3247 1349 3307 fractus
1372 3256 1475 3308 tantas

222 3365 293 3425 opes
315 3345 386 3406 solis
409 3345 502 3406 oculis
524 3344 630 3408 obibat
651 3346 680 3419 8,
705 3346 753 3420 18,
776 3346 804 3408 9.
828 3341 918 3434 (San.
940 3348 1012 3410 Juv.
1034 3346 1140 3427 Petu).

304 3444 444 3508 Feriatus
473 3447 551 3524 apud
574 3447 702 3527 optimos
725 3446 885 3526 scriptores
908 3445 1017 3510 dicitur
1038 3447 1074 3507 de
1098 3446 1282 3519 hominibus,
1315 3447 1369 3508 sed
1396 3449 1476 3528 apud

222 3547 352 3610 Plinium
375 3547 464 3608 etiam
488 3547 523 3607 de
547 3554 694 3626 tempore,
724 3566 782 3628 quo
805 3547 886 3609 feriae
908 3555 1048 3626 aguntur,
1070 3548 1156 3608 etde
1180 3547 1246 3609 aliis
1269 3546 1370 3610 rebus.
1405 3549 1476 3610 Dies

219 3647 349 3730 feriatus
371 3645 485 3727 patitur
514 3648 600 3726 plura
634 3648 751 3710 contexi
773 3649 802 3720 3,
827 3648 874 3720 14,
895 3646 925 3709 6.
955 3649 1006 3709 111.
1032 3649 1078 3722 10,
1099 3646 1121 3709 8
1143 3646 1226 3730 (24),
1249 3649 1278 3709 3.
1322 3650 1407 3730 Toga
1428 3649 1476 3731 fe-

221 3743 353 3822 riolci,
375 3749 404 3821 3,
427 3750 455 3809 2.
478 3746 594 3832 (Plaut.
618 3748 681 3810 Mil.
706 3747 733 3823 l,
758 3751 784 3822 l,
806 3747 834 3810 8.
858 3748 934 3811 Plin.
959 3749 1028 3828 maj.
1052 3746 1116 3832 al).
1377 3773 1383 3786 ·

303 3847 488 3936 Interfectis.
531 3846 687 3928 Interfoeo
711 3849 785 3911 mari
808 3849 978 3912 defenditur
998 3850 1074 3911 Pan.
1097 3847 1143 3911 16.
1165 3845 1271 3933 (Verg.
1285 3849 1358 3912 Hor.
1372 3849 1475 3933 post).

303 3947 495 4034 Lympbatus
517 3969 569 4028 pro
584 3949 741 4034 fanatico,
762 3948 880 4025 furente
903 3950 1020 4011 dicitur.
1061 3949 1197 4030 Plerique
1218 3947 1365 4034 lymphati
1387 3952 1475 4013 terri-

220 4051 283 4115 ficis
316 4051 580 4113 vaticinationibus
614 4059 644 4111 et
676 4071 732 4114 sna
759 4061 791 4113 et
817 4052 916 4114 aliena
945 4051 1023 4113 mala
1045 4050 1278 4114 ludificabantnr
1299 4051 1328 4125 6,
1351 4054 1402 4126 20,
1427 4053 1473 4116 19.

220 4151 325 4236 (Varr.
347 4151 383 4214 L.
400 4152 435 4213 L.
459 4145 489 4224 7,
503 4149 533 4224 6,
554 4144 606 4224 87,
629 4151 675 4212 ed.
691 4153 823 4214 Mueller.
848 4153 931 4214 Poet.
954 4172 1002 4232 ap.
1026 4151 1087 4215 uic.
1110 4152 1177 4214 Div.
1197 4153 1223 4225 l,
1239 4149 1290 4224 36,
1305 4153 1356 4216 80.
1393 4154 1474 4216 Gou-

221 4262 270 4316 tra
301 4251 412 4333 injuria
444 4251 560 4314 Scht'rtz
592 4251 666 4314 Lex.
696 4253 756 4315 611.
790 4254 924 4314 laudavit
957 4253 1024 4314 Diu.
1050 4253 1076 4325 l,
1106 4251 1152 4313 16.
1197 4252 1288 4332 Verg.
1318 4253 1372 4318 Ov.
1401 4254 1473 4317 Ηο1.

222 4353 332 4416 Catull.
355 4354 421 4415 Liv.
444 4349 550 4436 post).

302 4453 480 4515 Medicotna.
523 4452 785 4524 Quemadmodum
809 4455 886 4534 apud
911 4453 1074 4532 Vergilium
1097 4460 1128 4514 et
1149 4451 1304 4529 Ovidium,
1328 4455 1372 4518 sic
1394 4455 1470 4536 apud

219 4554 399 4634 posteriores
421 4553 580 4635 scriptores
603 4554 783 4616 medicatum
806 4555 923 4627 dicitnr,
951 4555 1027 4634 quod
1052 4553 1150 4635 aliquo
1173 4554 1391 4619 medicamento
1413 4555 1469 4617 illi-

219 4662 283 4716 tum
315 4655 362 4715 vel
395 4655 521 4716 mixtum
555 4664 616 4727 est,
650 4675 686 4718 ac
717 4654 832 4716 Plinius
866 4654 1044 4716 medicatum
1077 4673 1213 4734 saporem
1246 4654 1354 4719 tribuit
1387 4675 1468 4737 aqua
