3226 5332
329 438 370 493 De
392 438 452 494 vita
472 441 502 495 et
523 435 678 493 elocutione
700 435 730 492 0.
753 437 839 492 Plinii
861 435 963 492 Caecilii
984 437 1110 493 Secundi.
1309 430 1345 485 91

182 611 256 672 Haeo
279 609 306 670 ei
327 629 393 672 curn
417 610 581 691 aequalibus
603 609 771 672 communia
792 618 877 673 sunt:

181 709 385 794 Incffectutes.
421 711 466 772 Ut
488 709 698 774 ”affectatum’'
722 714 801 792 apud
823 712 1001 791 scriptores,
1023 710 1073 790 qui
1096 717 1164 788 post
1178 709 1346 788 Augustum

100 814 230 884 luerunt,
252 812 416 883 dicebatur,
439 813 603 892 quod'arte
626 814 758 893 quadam
780 813 809 874 io
833 811 1065 874 ostentationem
1087 810 1212 888 alicujus
1228 809 1269 870 rei
1286 811 1349 870 l'ae-

98 925 161 974 tum
186 921 268 985 erat,
295 931 347 993 pro
370 913 490 992 putido,
514 915 655 995 qnaesito,
678 915 796 988 fucato,
824 912 1002 985 adventicio,
1024 911 1077 972 tal.
1100 912 1193 972 velut:
1237 909 1351 970 Adiec-

97 1023 165 1076 tata
187 1013 253 1074 eliis
277 1013 418 1086 castilas,
441 1014 494 1075 tibi
516 1015 649 1094 ingenita
672 1023 702 1076 et
724 1014 827 1076 innata
849 1015 924 1077 Pau.
947 1015 996 1074 20.
1019 1011 1174 1098 (Quint.);
1201 1011 1245 1072 ita
1267 1007 1349 1087 inaf-

89 1113 223 1198 seetetns
245 1115 411 1194 ponebatur
434 1117 494 1176 lere
516 1135 569 1196 pro
591 1116 703 1188 nativo,
730 1115 876 1187 candido,
898 1136 979 1186 cero,
1001 1114 1125 1176 sincero.
1162 1112 1238 1183 Quae
1260 1129 1348 1192 quam

97 1215 284 1289 inadfectata
306 1215 417 1278 veritas
440 1218 610 1278 verborum!
633 1217 706 1278 Pan.
730 1211 779 1277 67.
802 1213 949 1298 (Quinc).

180 1315 494 1400 Inconprebensibilis.
537 1318 588 1380 Sic
614 1317 731 1388 dicitur,
757 1317 896 1397 quidquid
919 1315 1129 1394 comprehendi
1151 1324 1182 1375 et
1204 1313 1348 1376 contineri

98 1419 213 1498 nequit,
246 1427 336 1498 atque
368 1419 446 1496 apud
475 1417 603 1480 Plinium
631 1415 935 1500 incomprehensibilis
964 1415 1082 1487 dicitur,
1111 1416 1161 1496 qui
1187 1415 1216 1475 in
1244 1414 1348 1494 dispu-

98 1520 190 1580 tando
220 1517 348 1578 difficilis
375 1527 420 1580 est
447 1519 484 1579 ad
508 1519 743 1580 convincendum
766 1528 796 1578 et
818 1519 1017 1579 refutandum.
1060 1517 1105 1578 Ut
1126 1524 1172 1576 est
1193 1515 1222 1575 in
1245 1515 1348 1594 dispu-

96 1620 190 1681 tando
222 1617 521 1703 inconprehensibilis
548 1627 579 1680 et
601 1619 730 1681 lubricus
759 1619 786 1692 l,
809 1621 858 1693 20,
881 1619 908 1681 6.
937 1616 1057 1703 (Quint.
1081 1617 1150 1680 Seu.
1175 1616 1252 1677 Plin.
1276 1615 1347 1694 maj.

98 1719 176 1781 Cels·
199 1718 289 1803 001.).
480 1713 482 1718 ’

181 1817 384 1882 Inconcussns
406 1839 458 1900 pro
485 1840 535 1894 eo,
568 1822 646 1902 quod
673 1830 718 1883 est
744 1841 803 1882 non
824 1841 996 1892 concussus,
1023 1817 1199 1891 immobilis,
1214 1817 1347 1905 firmus,

98 1931 238 1985 constans
253 1921 370 1984 dieitur.
402 1919 604 1984 Inconcusscs
626 1923 750 2002 religato
774 1922 890 2001 navigio
912 1922 1089 1984 trahebatur
1111 1921 1186 1981 Pan.
1201 1918 1251 1981 82.
1288 1919 1347 1980 Hic

97 2020 282 2107 (princeps),
314 2023 363 2104 qni
390 2024 526 2084 omnibus
563 2024 707 2085 excelsior
743 2032 823 2098 erat,
855 2023 1049 2086 inconcessus
1081 2021 1167 2083 stetit
1200 2021 1275 2082 Pan.
1297 2018 1347 2082 94.

98 2123 185 2207 (Sen.
208 2126 280 2187 Tac.
302 2124 417 2186 Lucan.
441 2123 547 2208 Stat).

180 2223 362 2310 Inflenibilis
384 2224 501 2296 dicitur,
525 2226 574 2306 qui
597 2225 678 2288 flecti
701 2246 757 2288 non
781 2235 889 2307 potest.
933 2225 1037 2306 Neque
1060 2223 1138 2286 enim
1161 2222 1346 2294 dubitabam,

98 2325 294 2406 pertinaciam
328 2335 407 2388 certe
440 2336 471 2387 et
502 2325 696 2402 indetribilem
729 2327 959 2389 obstinationem
987 2327 1092 2386 debere
1114 2325 1212 2406 puniri
1237 2325 1285 2396 10,
1307 2321 1347 2384 96

97 2423 179 2510 (97),
201 2427 230 2488 3.
257 2426 351 2513 (Plio.
374 2426 444 2504 maj.
468 2425 563 2510 Sem).

180 2525 393 2611 Infnnotuoens
426 2548 479 2608 per
510 2528 738 2590 translationem
771 2547 824 2608 pro
857 2549 949 2602 cano,
981 2526 1083 2600 inani,
1115 2525 1203 2587 irrito
1230 2524 1346 2586 dicitur.

98 2628 305 2690 Obversantur
327 2628 419 2690 oculis
442 2630 519 2690 cassi
542 2629 659 2691 labores
681 2639 711 2690 et
730 2629 926 2714 infructuose
948 2648 1050 2709 preces
1072 2627 1100 2701 8,
1116 2628 1166 2700 23,
1181 2625 1210 2690 6.
1233 2623 1347 2710 (Teu).

98 2728 177 2812 (Col.
203 2730 325 2810 propria
346 2729 562 2808 significatione
586 2731 729 2792 vocabulo
752 2751 823 2792 usus
845 2731 916 2815 est).

180 2829 320 2893 Inlicitns
351 2849 405 2910 pro
439 2851 498 2891 non
526 2829 620 2905 licito,
647 2853 706 2893 non
728 2852 869 2894 concesso.
913 2831 1042 2913 Oportet
1071 2852 1136 2913 quae
1161 2840 1232 2893 sunt
1259 2828 1347 2890 inho-

99 2941 187 2993 nesta
209 2952 267 2994 non
296 2932 383 3013 quasi
410 2931 539 3004 inlicita,
562 2933 612 2992 sed
641 2933 724 3013 quasi
746 2933 884 3012 pudenda
907 2933 1002 2994 vitare
1026 2933 1055 3006 5,
1080 2934 1117 2994 13
1140 2930 1222 3016 (14),
1245 2931 1273 2994 9.
1300 2932 1347 3005 10,

97 3033 136 3095 45
159 3029 241 3116 (54).
268 3034 356 3114 (Tac.
378 3033 492 3095 Lucan.
515 3033 586 3095 Val.
608 3035 654 3095 Fl.
678 3030 785 3116 Stat).

180 3131 303 3194 Inlnnis
325 3133 434 3195 dicitur
456 3153 530 3208 nox,
553 3153 611 3215 qua
634 3135 703 3195 luna
726 3153 783 3196 non
808 3136 896 3196 lucet.
930 3137 1009 3210 Nox,
1032 3156 1089 3196 non
1114 3133 1211 3216 qualis
1234 3130 1349 3195 inlunis

96 3244 149 3296 aut
171 3225 275 3296 nubila
297 3233 325 3308 6,
348 3236 397 3307 20,
422 3235 467 3296 14.
494 3233 592 3318 (Sit).

179 3333 358 3398 Insclnbris.
402 3335 453 3399 Sic
475 3335 583 3397 dicitur
604 3343 721 3415 tempus
744 3339 789 3398 vel
812 3337 891 3417 regio
915 3336 1077 3399 valetudini
1099 3337 1265 3417 perniciosa
1286 3338 1346 3397 fere

96 3455 148 3516 pro
169 3435 275 3520 preci,
296 3435 460 3520 pestilente.
504 3435 743 3500 Insclnbennimo
771 3448 907 3517 tempore
933 3439 962 3512 4,
985 3440 1014 3499 2.
1037 3438 1065 3501 6.
1109 3439 1203 3501 Putas
1229 3435 1348 3498 insalu-

95 3535 161 3600 bres
183 3535 314 3622 (Tuscos
337 3536 433 3620 meos)
455 3537 484 3610 6,
507 3536 536 3611 6,
560 3540 586 3600 l.
616 3536 708 3622 (Plin.
732 3540 801 3618 maj.
825 3537 929 3608 Quint.
953 3539 1035 3601 Ourt.
1060 3537 1151 3623 Col).

178 3638 300 3700 Illorum
328 3638 544 3718 adjectivorum
571 3640 683 3701 nullum
708 3641 824 3702 videtur
845 3641 1046 3723 superioribus
1068 3640 1262 3722 scriptoribus
1286 3640 1348 3701 usi-

95 3746 193 3801 tatum
218 3739 321 3814 luisse,
355 3759 425 3801 uam
448 3739 509 3802 Cic.
533 3739 651 3804 Gluent.
674 3734 725 3814 47,
750 3743 817 3814 130,
851 3743 900 3804 ubi
923 3743 991 3804 olim
1015 3743 1170 3822 legebatur
1190 3740 1348 3804 '’multitu-

97 3839 196 3901 dinem
218 3839 354 3903 illicitum
377 3840 452 3914 est”,
474 3861 553 3903 nunc
576 3840 681 3921 legitur
703 3840 920 3906 '’multitudini:
944 3843 1055 3906 nemini
1077 3843 1189 3906 licitum
1212 3850 1260 3903 est
1275 3859 1348 3902 cou-

96 3948 145 4002 tra
167 3940 294 4003 diceres·

180 4073 272 4155 Apud
294 4074 459 4154 superiores
481 4074 599 4155 quidem
621 4077 795 4158 scriptores,
817 4080 869 4141 sad
885 4080 973 4159 paule
989 4079 1055 4143 aliis
1076 4078 1347 4158 significationibus

97 4184 188 4258 atque
212 4177 291 4256 apud
313 4174 444 4237 Plinium
468 4184 498 4236 et
517 4178 647 4257 aequales
668 4187 802 4242 exstant:

181 4274 353 4339 Irraeditus.
397 4277 569 4339 Inauditum
591 4280 670 4358 apud
693 4289 807 4343 veteres
829 4282 989 4361 scriptores
1011 4280 1176 4353 dicebatur,
1199 4281 1276 4360 quod
1292 4301 1348 4343 no-

99 4397 166 4440 vum
202 4387 269 4439 erat
300 4396 353 4439 nec
380 4378 516 4458 cuiquam
546 4378 695 4454 auditum,
727 4383 779 4443 sed
809 4383 888 4462 apud
910 4381 1086 4458 scriptores,
1118 4381 1166 4462 qui
1189 4389 1258 4461 post
1278 4382 1348 4446 Au-

100 4488 216 4558 gustum
241 4480 373 4550 luerunt,
395 4479 504 4541 dicitur
526 4480 560 4540 de
583 4500 631 4552 eo,
655 4482 705 4562 qui
726 4481 850 4558 indicto,
872 4481 1023 4563 incopnitc
1044 4502 1151 4556 censa,
1173 4503 1205 4544 re
1227 4482 1348 4546 inorata

100 4580 269 4642 damnatur.
301 4579 468 4642 Absentem
491 4579 719 4666 inauditamque
739 4583 896 4647 damnavit
917 4583 1022 4642 incesti
1049 4583 1078 4657 4,
1092 4584 1140 4656 ll,
1152 4580 1179 4645 6.
1204 4584 1264 4646 cfr.
1277 4583 1306 4658 6,
1318 4589 1347 4660 2,

99 4679 128 4754 8,
157 4681 208 4743 ubi
234 4679 344 4742 ’‘cansa
365 4679 521 4744 inanditn''
543 4682 693 4767 significat
714 4705 833 4751 causam
856 4682 990 4751 nondum
1011 4693 1144 4762 netem,
1177 4685 1260 4770 cujus
1281 4686 1347 4750 ideo
