3264 5332
282 479 319 534 18
771 477 798 534 J.
821 476 852 533 P.
875 475 1043 546 Lagergren.

361 643 525 735 ’'Offioicm
545 644 581 731 a)
596 645 687 710 lenos
707 649 778 725 l,5,
789 651 838 713 11.
859 647 892 721 9,
903 647 936 713 2.
958 645 997 712 Ρ.
1010 647 1058 712 73.
1079 643 1110 732 6)
1125 645 1319 730 mopistrotus
1343 640 1379 706 P.
1390 638 1433 702 91
1440 637 1535 722 ¹)†0)

278 749 358 814 maus
379 749 486 813 iudicii
507 750 536 823 1,
557 748 589 822 6,
611 748 659 812 11.
702 753 784 816 Idem
812 750 902 832 igitur
923 751 1047 813 verbum
1068 749 1171 812 eodem
1198 747 1262 810 loco
1285 755 1317 808 st
1337 743 1415 805 idem
1438 739 1535 820 signi·

277 851 363 924 licat,
386 853 463 933 quod
479 849 624 923 ''honos’',
640 859 671 912 et
685 851 780 927 idem,
802 851 880 934 quod
897 851 999 916 ”locus
1010 849 1146 932 judicii’,
1167 857 1257 930 utque
1272 856 1304 909 et
1317 843 1470 927 proprium
1487 849 1535 904 est

277 952 407 1016 Pliniani
429 951 575 1014 sermonis
597 959 628 1014 et
650 971 715 1016 curn
738 953 902 1036 aequalibus
923 951 1022 1015 Plinio
1043 969 1208 1015 commune.
1242 948 1303 1011 Cir.
1326 953 1474 1026 praterea
1495 944 1533 1005 de

278 1053 341 1116 loco
353 1053 405 1117 illo
414 1054 442 1128 l,
453 1053 482 1126 6,
497 1053 530 1116 11
545 1053 784 1128 Mommseninm,
797 1055 874 1118 ”Zur
884 1052 1173 1133 Lebeusgeschichte
1184 1051 1237 1112 des
1245 1051 1372 1130 jtlugern
1385 1043 1534 1119 Plinius”,

277 1156 350 1235 Peg.
371 1149 420 1230 37,
443 1155 526 1226 Not,
551 1154 581 1214 in
596 1154 734 1231 Hermes,
756 1155 930 1220 zeitschrift
951 1157 1000 1217 lilr
1021 1152 1190 1218 Classische
1212 1149 1393 1229 Philologie,
1416 1146 1534 1210 Drittsr

277 1253 381 1329 Bend,
403 1255 502 1318 Berlin
527 1252 614 1318 1869.
647 1257 862 1320 Mommsenius
885 1275 942 1318 nou
966 1263 1057 1336 putet
1076 1251 1239 1335 significari
1261 1249 1376 1314 ’'locum
1395 1243 1532 1330 judieii.”

360 1353 499 1442 ''Piquus
525 1354 629 1419 transl.
651 1378 712 1442 pro
733 1365 887 1444 ponentes,
907 1356 1043 1444 fratres,
1064 1375 1189 1430 aceres,
1210 1351 1329 1437 sequuti
1344 1350 1482 1436 positum
1506 1349 1533 1422 1,

278 1457 330 1531 12,
352 1457 383 1520 3.
410 1456 449 1522 Ρ.
470 1457 521 1520 37.
543 1455 596 1519 33.
623 1479 683 1544 qua
705 1458 736 1522 oi
754 1467 848 1545 poetae
868 1457 925 1521 leuc
946 1479 1013 1522 coeo
1035 1454 1121 1540 filios
1141 1465 1169 1520 et
1189 1463 1308 1539 nepotes
1328 1450 1533 1540 sipoificautm

275 1557 416 1621 uidentur
432 1557 599 1643 proeiisse.''
629 1559 691 1624 (llr.
713 1560 780 1623 Liv.
802 1563 832 1633 2,
847 1557 914 1634 1,6.
940 1559 1089 1639 ”Pignore
1105 1556 1261 1638 conjugum
1284 1575 1320 1618 uc
1341 1549 1532 1618 liberorum.’'

358 1655 544 1722 ’'Postulotio
565 1658 597 1734 5,
620 1659 670 1735 14,
692 1663 720 1724 1.
742 1661 796 1734 26,
817 1659 847 1724 6.
870 1660 898 1734 7,
920 1658 951 1733 6,
972 1659 1001 1724 4.
1023 1659 1077 1732 33,
1098 1657 1119 1722 4
1140 1657 1182 1720 ad
1206 1656 1241 1720 Τ.
1263 1657 1315 1732 86,
1335 1655 1357 1718 6
1377 1652 1436 1732 cfr.
1453 1647 1532 1714 Geel.

275 1779 324 1846 op.
348 1756 410 1824 Cic.
432 1759 520 1824 Fam.
543 1760 573 1834 8,
594 1759 643 1824 6.’“
687 1761 750 1826 Gfr.
774 1760 865 1824 etism
887 1759 948 1824 Cic.
971 1760 1036 1840 Lig.
1059 1757 1089 1832 6,
1114 1753 1161 1822 17.

358 1859 492 1926 ”Puteue
524 1859 664 1926 balneum
692 1860 846 1946 frigidum
878 1862 909 1937 6,
930 1861 961 1936 6,
982 1861 1027 1924 26
1061 1857 1152 1940 (Hoec
1183 1857 1364 1947 siyaijicotio
1390 1851 1472 1918 abest
1499 1855 1532 1918 tn

274 1959 331 2028 lec.
354 1961 480 2049 Foro.)”
512 1964 558 2027 At
583 1962 633 2026 ille
655 1963 720 2044 ipse
744 1962 836 2026 Plinii
857 1965 939 2028 locus
961 1962 991 2026 in
1013 1963 1071 2026 lex„
1094 1963 1181 2026 Poro.
1204 1961 1316 2023 allatus
1339 1967 1401 2032 est,
1423 1975 1532 2039 quum-

274 2083 363 2146 quam
397 2083 455 2126 non
489 2064 615 2128 eandem
643 2064 719 2141 vim,
752 2083 840 2147 qnam
863 2063 1056 2138 Holstenius,
1089 2064 1177 2126 Foro.
1199 2060 1265 2126 voci
1285 2059 1446 2141 imposuit,
1478 2057 1531 2122 sed

273 2166 395 2230 solitam
415 2185 499 2230 susm
523 2165 582 2228 vim
605 2167 717 2232 habere
736 2167 803 2248 jure
825 2166 953 2248 poterit.

356 2265 552 2348 ''tRema'ssio
573 2266 756 2330 intermissio
776 2266 807 2342 4,
828 2266 859 2341 3,
881 2268 929 2330 11.
973 2267 1109 2346 Legitur:
1133 2263 1288 2329 ”Dicentis
1311 2263 1392 2328 calor
1420 2272 1453 2325 et
1474 2281 1531 2324 au·

273 2366 384 2431 dientis
406 2369 531 2432 intentio
554 2371 776 2432 continuatione
798 2379 946 2442 servatur,
969 2367 1189 2449 intercapedine
1205 2377 1235 2431 et
1249 2366 1335 2447 quasi
1355 2362 1532 2426 remissione

274 2467 467 2549 languescit.''
510 2470 559 2532 Ao
580 2490 652 2533 sane
674 2471 795 2533 difficile
823 2479 870 2533 est
894 2469 1062 2541 intellectu,
1095 2487 1155 2549 qua
1175 2467 1204 2529 in
1228 2485 1259 2529 re
1281 2465 1329 2528 hic
1350 2484 1423 2528 usus
1446 2462 1533 2526 verbi

275 2570 424 2650 discrepet
445 2571 484 2632 ab
506 2591 561 2634 usu
583 2571 751 2646 Ciceronis,
773 2571 824 2633 ubi
846 2571 919 2634 dicit
939 2563 1139 2644 Auctio:
1162 2567 1272 2632 ”Tales
1295 2565 1436 2629 amicitiae
1458 2573 1532 2627 sunt

275 2670 449 2734 remissione
471 2691 541 2735 usus
565 2672 726 2748 eluendae”,
749 2692 785 2734 ne
808 2672 882 2735 alios
905 2674 1013 2735 multos
1036 2671 1117 2734 locos
1139 2688 1376 2732 commemorem.

358 2769 526 2835 '’Secretum
549 2776 580 2853 a)
602 2771 682 2836 locus
703 2781 849 2847 remotus,
870 2793 999 2836 secessus
1021 2773 1096 2855 (quo
1117 2769 1222 2854 sipnifi
1243 2769 1334 2833 etiam
1354 2775 1447 2851 potire
1460 2765 1531 2829 lav.

274 2871 322 2934 usi
342 2875 424 2952 sunt)
446 2872 478 2945 2,
500 2873 547 2946 17,
568 2873 622 2936 22.
645 2873 677 2948 3,
698 2873 753 2946 33,
775 2871 834 2936 13”
859 2874 896 2937 al.
940 2873 1043 2935 Etiam
1068 2873 1148 2953 apud
1170 2871 1288 2934 Livium
1313 2869 1441 2932 eundem
1467 2868 1531 2930 vim

273 2971 376 3034 habet.
409 2973 469 3035 Cir.
493 2973 559 3036 Liv.
582 2975 632 3048 23,
654 2974 684 3049 8,
706 2973 735 3038 8.
778 2975 859 3038 ”Ubi
880 2974 910 3036 in
933 2981 1079 3036 secretum
1102 2970 1328 3053 pervenerunt’·
1350 2970 1403 3043 30,
1427 2969 1475 3042 l4,
1497 2968 1528 3032 4.

272 3071 467 3135 ''Abductum
490 3074 518 3135 in
541 3085 687 3138 secretum
710 3075 903 3138 Masinissam
925 3075 968 3137 sic
990 3073 1180 3154 alloquitur.”
1214 3071 1266 3135 De
1286 3092 1319 3134 re
1340 3067 1454 3133 occultu
1475 3089 1530 3132 ne-

272 3172 356 3253 gavit
384 3173 439 3236 nisi
468 3176 546 3256 apud
571 3176 700 3238 Plinium
727 3184 758 3238 ct
785 3176 915 3257 aequales
940 3181 1073 3249 exstare;
1106 3174 1158 3234 sed
1186 3174 1240 3236 eir.
1263 3172 1329 3234 Liv.
1352 3171 1402 3246 34,
1424 3168 1476 3243 36,
1499 3170 1530 3232 4.

273 3272 390 3336 ’'Vanis
412 3282 445 3337 ut
468 3277 505 3337 ad
529 3286 657 3340 ceteram
679 3277 766 3339 fidem
790 3277 833 3338 sic
855 3277 892 3337 ad
915 3283 1030 3337 secreta
1052 3275 1182 3355 tegenda
1198 3273 1361 3336 satellitum
1381 3272 1530 3352 regiorum

271 3375 428 3454 rugenrrs.”

355 3475 495 3539 '’Titulus
516 3482 545 3558 c)
568 3479 714 3564 dignitus,
736 3475 804 3539 laus
826 3478 853 3550 7,
869 3472 993 3560 (230),
1015 3474 1065 3550 29,
1080 3475 1111 3539 3.
1138 3474 1179 3539 Ρ.
1197 3475 1268 3538 21.”
1311 3473 1357 3536 At
1384 3467 1414 3546 7,
1437 3470 1487 3543 29,
1512 3472 1532 3532 3

271 3575 308 3638 de
330 3596 401 3639 vera
428 3578 621 3660 inscriptione
645 3579 752 3659 agitur,
782 3578 974 3658 quamebrem
996 3576 1069 3638 nihil
1093 3578 1162 3640 novi
1183 3578 1212 3641 in
1235 3577 1292 3638 hoc
1314 3595 1369 3636 usu
1391 3572 1532 3635 vocabuli

271 3677 391 3740 videtur
411 3678 518 3742 inesse.
563 3679 624 3742 (lfr.
647 3680 716 3742 Liv.
739 3677 789 3751 28,
810 3676 861 3750 46,
887 3676 924 3739 16
947 3678 985 3739 al.
1014 3679 1091 3739 Pau.
1106 3679 1143 3740 21
1169 3677 1318 3758 significat
1339 3693 1446 3737 nomen
1471 3673 1532 3736 ho·

271 3779 368 3852 noris,
400 3799 489 3860 quarn
521 3781 580 3841 vim
604 3783 693 3842 etiam
721 3779 801 3859 apud
829 3779 1003 3842 Ciceronem
1026 3779 1128 3842 habet.
1172 3773 1456 3850 crectapisc,
1480 3773 1532 3836 19.

270 3876 421 3942 ''Titulum
445 3879 647 3942 consulatus.‘’
691 3881 778 3942 Tusc.
801 3880 831 3954 6,
856 3880 903 3954 10,
924 3879 974 3941 30.

354 3978 569 4043 ”Tormentum
590 3977 696 4044 transl.
719 3980 758 4043 de
778 3982 912 4043 cruciatu
933 3978 999 4042 acri
1019 4001 1107 4063 quem
1120 3977 1357 4061 morbusyiyail
1372 3975 1531 4052 1,12,5.·'

269 4080 379 4142 Nonne
412 4081 537 4142 eundern
571 4081 631 4141 vim
657 4082 751 4144 habet
772 4080 834 4144 Cic.
856 4083 924 4144 Pin.
947 4084 977 4155 2,
999 4080 1048 4154 28,
1070 4080 1131 4144 92?
1172 4079 1273 4151 ”Quid
1296 4081 1333 4141 de
1355 4078 1458 4140 dolore
1481 4078 1531 4140 di-

270 4181 390 4242 cemus?
431 4181 527 4260 (lujus
550 4189 637 4244 tenta
658 4190 809 4244 tormenta
830 4192 903 4245 sunt
924 4181 1020 4244 cet.?”

354 4281 372 4304 ”
382 4279 479 4344 Vestes
500 4281 534 4343 in
550 4279 671 4366 plusculi
690 4302 815 4345 numero
836 4283 866 4359 5,
890 4283 939 4357 16,
963 4281 1008 4345 7.”
1050 4283 1111 4346 cfr.
1134 4283 1207 4345 Sall.
1223 4281 1304 4344 Hist.
1326 4280 1385 4342 inc.
1405 4275 1441 4340 19
1463 4277 1530 4361 (ed.

269 4379 423 4466 Dietsch).
446 4380 504 4445 Ov.
526 4385 601 4446 Met.
623 4381 654 4458 8,
675 4377 745 4446 667.

273 4525 470 4538 ———

319 4595 346 4667 Ι)
369 4599 421 4654 Cir.
444 4603 478 4654 de
500 4600 552 4655 huc
572 4599 599 4653 vi
622 4602 693 4656 vocis
717 4603 831 4668 librum,
854 4604 900 4676 qui
916 4602 1085 4659 inscribitur:
1108 4601 1293 4658 ”Lateinische
1307 4601 1449 4664 solistim,
1473 4619 1528 4670 von

270 4685 455 4759 thelsbnch,
476 4689 543 4759 Peg.
567 4687 617 4750 66,
645 4689 736 4745 Dritte
756 4691 879 4762 Auflage.
