3264 5332
345 480 385 534 De
407 481 468 535 ritu
489 481 518 534 ei
540 478 694 534 elocutione
716 477 746 534 Ο.
769 477 854 533 Plinii
876 476 978 532 (lucilii
999 477 1125 533 Secundi.
1319 481 1355 533 17

188 647 345 730 ”†Icertia
371 649 480 723 ctiam,
513 653 608 732 quies,
641 650 742 713 stadia
769 653 802 712 irs
827 651 886 712 otio
907 659 1033 712 tractata
1055 651 1084 726 1,
1105 649 1137 723 6,
1160 651 1207 712 1.”
1250 650 1358 712 Nonne

34 735 36 738 ¹
105 751 286 813 vccabulum
309 751 451 812 usitatam
474 769 557 813 suam
579 752 808 831 signifistionem
831 751 943 813 habet?

190 848 371 914 '’Jadisirrm
392 849 422 924 4,
444 851 495 925 15,
516 853 538 914 5
558 852 578 915 s'.
599 851 750 936 principis
771 854 792 914 i.
815 873 843 935 q.
866 849 1030 940 decerpite
1052 871 1086 936 p.
1108 850 1239 934 opinio.”
1296 849 1357 912 cfr.

104 952 168 1015 (iio.
190 953 278 1013 Fam.
303 952 353 1025 13,
374 950 424 1016 46.
458 949 525 1014 ”Ee
546 973 578 1016 re
601 963 756 1033 utrumque
779 952 900 1031 scripsi,
922 960 956 1014 ut
978 962 1009 1013 et
1031 951 1104 1014 mihi
1125 971 1191 1014 cnm
1213 951 1263 1012 illo
1286 970 1358 1013 cau-

104 1073 171 1114 sum
194 1051 333 1114 amicitiae
354 1053 445 1114 scires
467 1071 532 1115 esse
558 1064 588 1116 et
610 1054 760 1115 hominem
782 1053 906 1134 probum
928 1052 1130 1127 existimares,
1162 1053 1211 1134 qui
1238 1051 1358 1132 petroni

102 1153 216 1234 judicio
238 1147 362 1215 ornatus
384 1151 493 1215 esset.‘’

190 1251 441 1316 '’Miramsrrtrsm
471 1253 501 1327 4,
529 1255 582 1329 30,
610 1255 651 1317 10
677 1252 695 1316 i.
724 1274 812 1338 aquae
844 1247 1032 1340 (Gefdile)”?
1074 1257 1150 1318 Tem
1184 1253 1358 1333 simpliciter

107 1354 280 1417 Holstenius
302 1354 454 1435 expedivit
483 1354 593 1428 locum,
626 1374 712 1437 quem
735 1374 822 1417 nemo
845 1355 941 1418 adhuc
962 1354 1039 1416 setis
1060 1354 1223 1434 intelligere
1245 1355 1358 1436 potuit,

107 1456 177 1534 quia
197 1455 312 1516 Plinius
334 1455 415 1536 ipse,
442 1455 511 1536 quid
533 1456 690 1530 scriberet,
716 1456 846 1519 nescisse
868 1456 996 1518 videtur.
1038 1456 1191 1518 Praetcrea
1212 1475 1272 1517 vox
1292 1455 1357 1536 ipse

107 1564 138 1616 et
158 1555 235 1636 opud
257 1555 374 1617 Livium
397 1564 428 1617 et
448 1556 528 1635 apud
551 1556 723 1619 Ciceronem
745 1567 856 1619 exstat.

188 1653 363 1735 ''†Materic
383 1675 483 1729 caasa,
505 1666 730 1740 arpumerrtam,
751 1656 833 1720 locus
853 1657 886 1733 2,
908 1657 939 1732 d,
960 1656 991 1719 5.
1012 1653 1120 1730 3,13‚
1141 1655 1173 1717 2.
1195 1655 1358 1731 5,13‚3.’·

106 1755 168 1818 cfr.
190 1756 261 1820 Seu.
284 1755 378 1818 Olem.
404 1757 430 1830 l,
451 1757 480 1830 3,
505 1759 531 1819 l.
575 1758 629 1820 ”lu
651 1767 714 1820 tres
735 1769 837 1839 partes
861 1776 978 1820 omnem
1001 1756 1079 1818 hanc
1101 1757 1258 1818 materiam
1281 1756 1359 1818 divi-

106 1856 205 1920 dam.”
233 1855 435 1927 NatQuaest.
455 1856 485 1930 6,
506 1858 537 1929 4,
560 1860 588 1920 2.
631 1859 755 1940 ”Neque
778 1860 856 1921 enim
878 1859 1035 1940 quicquam
1053 1855 1145 1918 habet
1165 1857 1195 1918 in
1218 1875 1249 1918 se
1271 1856 1358 1936 hujus

106 1957 240 2020 msteriae
262 1959 405 2020 tractatio
419 1959 592 2038 pulchrius’'
598 1979 608 2034 3
629 1979 702 2040 quos
717 1961 798 2021 iosos
815 1960 989 2040 Roseogren
1000 1956 1029 2042 ¹)
1042 1957 1157 2021 attulit.
1179 1957 1269 2020 Adde
1284 1956 1357 2020 Seu.

106 2059 162 2140 Ep.
188 2059 236 2134 13,
258 2061 277 2120 2
299 2052 382 2144 (87),
407 2060 454 2121 11.
922 2049 924 2054 ’
1271 2048 1276 2060 ’

190 2159 360 2222 ”Μεπειινα
391 2159 498 2222 modas
519 2161 645 2223 stratio
666 2161 695 2235 8,
717 2160 766 2234 17,
787 2160 809 2224 ό·
827 2181 886 2244 pro
907 2183 946 2222 m.
964 2158 1112 2245 periculi,
1139 2158 1181 2222 ad
1205 2155 1239 2220 Τ.
1261 2155 1315 2230 12,
1336 2156 1360 2218 2

105 2283 147 2323 m.
168 2258 331 2348 beneficii.”
373 2260 435 2323 Sed
457 2260 598 2323 simillimi
620 2260 666 2322 his
681 2260 753 2323 locis
775 2271 846 2324 sunt
866 2261 922 2324 Or.
944 2264 1018 2325 Met.
1045 2264 1091 2336 12,
1113 2256 1163 2323 57.
1206 2258 1266 2319 ”Hi
1288 2277 1360 2319 ner·

106 2370 176 2424 rste
198 2361 300 2424 ierunt
321 2361 380 2423 elio
401 2381 599 2443 mensuraque
621 2361 685 2424 ficti
706 2363 842 2426 crescit.”
867 2364 957 2425 Pont.
977 2364 1005 2438 l,
1027 2364 1057 2438 2,
1082 2363 1108 2424 l.
1141 2359 1251 2423 ’'Tunti
1273 2378 1359 2420 meu·

105 2481 208 2526 surum
229 2461 356 2524 nominis
378 2461 513 2542 imples.”

190 2560 381 2643 ''†Modestia
403 2562 440 2626 de
461 2583 508 2639 eo,
531 2563 584 2647 qai
604 2560 738 2638 taudem,
759 2563 901 2640 termes,
919 2565 1066 2650 proemia,
1088 2562 1154 2626 licet
1175 2561 1286 2645 dipsas
1307 2559 1361 2633 sit,

105 2663 269 2728 uerecunde
279 2673 395 2728 recusat
417 2661 456 2726 P.
467 2661 517 2727 55⁹
538 2665 620 2727 Num
631 2664 694 2726 haeo
708 2665 885 2744 significatio
901 2666 982 2728 vocis
997 2661 1186 2729 ’'modestis”
1202 2682 1280 2724 nove
1294 2661 1361 2723 est?

191 2761 357 2848 ”Nequitia
378 2785 440 2848 qna
460 2785 527 2828 rose
548 2765 632 2850 apud
648 2765 915 2848 prestantissimos
935 2767 1097 2850 scriptores
1118 2762 1255 2827 libidinis
1269 2759 1361 2824 irsou-

105 2865 219 2949 risque
244 2865 353 2928 sitiam
379 2865 638 2950 circumscriptum
659 2875 715 2940 est,
744 2867 829 2950 apud
846 2869 1028 2951 posteriores
1049 2865 1143 2931 scelus
1164 2874 1192 2928 et
1212 2861 1361 2948 improbi-

104 2975 195 3029 tatem
215 2965 366 3052 sipnifisat
387 2967 416 3041 1,
430 2967 460 3040 d,
475 2967 523 3029 14.
545 2967 578 3042 2,
596 2965 650 3042 20,
668 2966 718 3030 ef
750 2967 823 3051 (His
845 2969 917 3030 locis
940 2989 998 3031 nou
1021 2966 1200 3051 ’'nequitia'’,
1222 2964 1362 3027 sed'’ne·

105 3067 298 3148 quissimus'’,
324 3067 494 3149 '’nequem'’
516 3065 647 3151 legitur).
682 3104 719 3113 —
753 3066 824 3131 ”so
856 3068 946 3132 etiam
971 3089 1102 3153 nsquam
1127 3089 1186 3152 pro
1206 3064 1361 3152 arsamus,

104 3165 240 3231 metemus
261 3167 413 3232 iuvenitur
422 3168 455 3242 2,
467 3167 520 3244 20,
531 3168 583 3231 12.
605 3167 635 3243 4,
647 3167 699 3244 26,
710 3168 763 3232 2.”
785 3167 858 3254 (His
880 3170 953 3234 locis
976 3171 1083 3251 legitur
1094 3166 1277 3250 '’nequitia”,
1300 3185 1359 3228 non

105 3267 278 3351 ”nequem'’

187 3367 305 3433 ”Nisus
321 3391 380 3456 per
400 3369 506 3435 transt.
528 3371 565 3435 de
587 3369 687 3440 labore
708 3381 735 3436 et
756 3373 870 3456 impeta
891 3371 1006 3458 inperii
1026 3372 1055 3446 8,
1076 3371 1105 3446 8,
1125 3369 1179 3434 3.”
1221 3368 1357 3449 Legitur:

104 3469 249 3533 ”Flumen
272 3471 363 3533 etiem
386 3472 509 3535 nuvium
531 3473 665 3555 petiens,
697 3492 772 3555 quas
800 3474 907 3536 obvius
929 3494 1044 3556 quoque
1066 3482 1097 3535 et
1119 3471 1269 3535 contrario
1291 3471 1358 3533 nisu

104 3570 174 3655 (cir.
198 3571 261 3634 cic.
275 3572 348 3636 Nat.
371 3574 460 3637 Deor.
483 3576 513 3648 2,
535 3572 586 3650 46,
612 3569 670 3638 ll'l
685 3575 731 3636 ed.
753 3573 860 3660 Klotz)
882 3576 912 3637 iu
935 3577 1054 3638 diversa
1075 3575 1233 3637 tendentes
1255 3580 1358 3634 truns-

24 3703 29 3708 ·
103 3671 251 3748 mittit-et
272 3674 400 3753 perfert’'
413 3670 454 3757 ²).

186 3771 359 3836 ''Patiectic
379 3774 477 3837 nimia
497 3772 656 3839 tolerantia
676 3800 700 3839 s.
722 3776 884 3862 stupiditas
905 3776 935 3851 6,
949 3775 1038 3852 31‚5
1059 3796 1117 3860 qno
1139 3773 1200 3837 loco
1221 3771 1286 3858 ejas
1306 3779 1358 3845 est,

104 3874 158 3958 qui
178 3873 262 3960 justo
291 3871 398 3936 lentius
418 3873 537 3958 piapitia
558 3878 664 3939 usmis
682 3875 751 3957 fert.
795 3875 846 3938 De
867 3875 1097 3940 remittantur
1118 3877 1208 3939 etiam
1230 3871 1357 3954 iudiprsa

102 3974 285 4058 perferentis
307 3973 345 4038 P.
366 3975 414 4037 22
433 3975 514 4038 dicta
536 3987 578 4040 est
599 3976 660 4040 loec
680 3975 767 4040 ror.‘’
809 3978 916 4040 Nonne
938 3979 988 4059 qui
1006 3979 1089 4059 justo
1111 3976 1221 4040 leutius
1242 3972 1358 4051 flagitia

105 4077 205 4138 uxoris
237 4077 311 4150 lert,
345 4076 449 4138 humili
481 4079 580 4140 animo
608 4080 697 4141 etism
720 4078 843 4158 indigna
864 4079 997 4161 perfert?
1038 4079 1100 4142 cfr.
1123 4084 1268 4159 praeteres
1288 4072 1356 4132 Liv.

107 4175 257 4251 1,50,4.
301 4176 447 4240 ’'Tentari
468 4181 600 4259 profecto
621 4179 817 4261 patientiam,
839 4188 883 4254 ut,
912 4179 938 4242 si
956 4181 1060 4261 jugum
1083 4175 1267 4258 acceperint,
1301 4173 1358 4232 ob-

105 4277 210 4339 noxios
232 4277 377 4358 premet.’'

156 4459 180 4525 ¹)
202 4463 260 4517 ”De
281 4463 441 4518 Elocutione
463 4463 594 4531 Seneeae”,
616 4468 682 4540 Peg.
696 4468 743 4522 36.
767 4467 894 4537 Upseliae.

151 4540 174 4610 ²)
196 4549 356 4604 Prmterieus
381 4568 489 4614 moneo,
512 4555 584 4609 huuc
607 4573 723 4610 errorem
747 4554 774 4606 in
797 4555 1010 4609 Antibsrberum
1032 4548 1142 4604 Krebsii
1166 4549 1219 4616 (cd.
1241 4550 1280 4604 IV
1303 4567 1357 4605 cur.

107 4632 255 4705 Allgcyer)
288 4637 443 4708 irrepsisse,
477 4657 607 4712 nusquam
642 4644 711 4698 enim
744 4645 819 4712 apud
841 4642 958 4696 Plinium
986 4636 1148 4690 vocabulum
1177 4639 1219 4688 est
1240 4636 1357 4706 positum

109 4718 144 4769 de
165 4718 282 4790 ”impetu
304 4724 432 4796 ingenii.”

1204 4802 1224 4862 2
