3226 5332
333 439 373 495 De
395 442 455 498 vita
476 443 505 498 et
526 439 681 497 elocutione
703 439 732 497 0.
755 442 839 498 Plinii
861 443 962 500 caecilii
982 443 1108 501 Secundi.
1289 449 1347 504 117

93 614 226 686 orator'’,
260 633 346 695 quem
376 612 471 676 locum
500 614 550 676 alii
578 623 687 696 putent
714 625 895 696 corruptum.
939 614 1083 697 Quamvis
1103 620 1167 700 ipse
1189 619 1230 680 sis
1253 621 1350 682 conti-

93 714 286 777 nentissimus
309 713 338 788 6,
361 715 410 786 32,
435 714 461 777 l.
485 714 547 777 cfr.
563 715 591 789 5,
614 716 642 787 8,
670 716 714 777 13.
738 714 767 788 6,
793 715 841 792 16,
863 721 892 781 2.
915 719 944 795 9,
969 715 1016 795 17,
1040 721 1066 782 1.
1092 721 1140 793 10,
1163 719 1199 781 51
1224 717 1305 802 (12),
1321 723 1348 782 2.

92 814 332 901 (uuinton),
375 814 450 877 Cum
483 817 687 904 comparativo
720 818 910 898 conjunctum
945 828 1001 884 est.
1045 823 1080 884 In
1114 820 1181 883 aliis
1212 819 1350 904 queraris

93 916 198 978 auditu
221 915 408 996 gravioribus
429 915 459 988 4,
481 915 511 991 9,
533 916 563 980 5.

175 1017 357 1078 Praeteriens
380 1036 500 1089 moneo,
522 1018 714 1098 adjectivum,
736 1019 813 1100 quod
829 1027 876 1082 est
886 1018 1069 1104 plurimum,
1091 1022 1120 1084 in
1136 1021 1278 1103 singulari
1293 1042 1350 1084 nu-

92 1137 172 1180 mero
196 1138 278 1181 more
300 1125 455 1199 poetarum
479 1119 606 1198 positum
630 1139 711 1194 esse,
733 1120 763 1182 id
786 1121 863 1202 quod
886 1134 968 1183 certe
991 1141 1091 1184 rarum
1115 1131 1161 1184 est
1183 1123 1262 1202 apud
1286 1142 1350 1184 me-

92 1219 179 1280 liores
201 1219 308 1282 solutae
331 1218 473 1280 orationis
495 1220 667 1300 scriptores,
689 1222 714 1282 si
737 1221 895 1282 formulam
918 1222 998 1284 illam
1021 1223 1169 1285 ”salutem
1192 1224 1348 1304 plurimam

90 1320 208 1382 dicere”
240 1319 402 1400 exceperis.
445 1319 507 1382 Cl'r.
529 1328 629 1382 tamen
652 1321 713 1383 cic.
737 1321 824 1383 Verr.
848 1323 878 1395 2,
900 1317 951 1396 72,
976 1319 1049 1386 176;
1083 1323 1268 1386 ”Plurimum
1297 1344 1349 1386 ve-

89 1430 183 1494 stem,
205 1420 365 1502 plurimam
388 1420 582 1499 stragulam.'’
614 1419 805 1506 (Balineum)
822 1420 975 1506 plurimus
989 1425 1033 1486 sol
1049 1424 1152 1504 implet
1168 1435 1199 1487 et
1214 1425 1350 1488 circumit

92 1523 207 1596 1,3,1.
231 1516 391 1595 2,17,10.
420 1520 494 1582 Pau.
517 1519 567 1582 48.
612 1521 700 1584 Adde
723 1523 759 1584 ad
784 1533 937 1598 auctores,
959 1544 1033 1607 quos
1054 1525 1175 1588 Freund
1198 1525 1227 1586 in
1251 1525 1348 1588 lexico

88 1621 242 1697 laudavit,
265 1622 337 1686 Sen.
353 1623 409 1702 Ep.
424 1615 454 1695 7,
469 1622 488 1684 5
503 1618 587 1706 (67),
601 1625 629 1685 2.
663 1621 757 1685 ''Cum
781 1624 887 1686 libellis
910 1625 982 1686 milri
1003 1625 1147 1706 plurimus
1161 1645 1258 1689 sermo
1273 1624 1349 1688 est.''

552 2015 601 2096 De
629 2017 888 2099 Numeralttus.

175 2197 210 2257 In
236 2215 290 2256 usu
314 2195 505 2257 numeralium
529 2195 601 2257 nihil
625 2197 829 2259 annotandum
853 2197 925 2258 mihi
949 2197 1044 2258 visum
1060 2206 1121 2270 est,
1144 2197 1200 2259 nisi
1214 2198 1345 2262 Plinium

91 2295 203 2358 dixisse
224 2294 323 2357 decom
346 2305 377 2357 et
398 2304 459 2358 octo
481 2315 533 2378 pro
555 2295 762 2381 duodeviginti
777 2297 807 2373 8,
833 2297 880 2384 18,
902 2296 931 2361 5.
954 2298 1078 2380 triginta
1099 2318 1202 2362 nocem
1223 2297 1253 2374 8,
1268 2299 1296 2373 5,
1314 2300 1346 2377 1;

91 2417 184 2477 neque
208 2416 275 2457 vero
297 2397 328 2457 id
351 2397 469 2458 ornnino
490 2406 534 2458 est
554 2397 729 2459 inusitatum
750 2400 829 2478 apud
847 2418 943 2462 aureae
955 2399 1054 2462 aetatis
1067 2398 1242 2480 scriptores,
1265 2402 1346 2463 velut

91 2518 138 2576 ap.
162 2497 239 2559 Gaes.
261 2498 297 2559 B.
314 2495 352 2559 G.
375 2497 403 2572 4,
424 2496 469 2572 19,
484 2498 513 2560 4.
547 2497 613 2559 Liv.
629 2497 658 2572 9,
674 2500 723 2573 33,
739 2499 769 2574 4,
792 2498 892 2583 a1.¹);
915 2519 951 2562 ac
972 2499 1088 2582 viginti,
1101 2508 1131 2561 et
1152 2499 1346 2578 1111011039

91 2597 214 2682 (48),4
235 2617 288 2678 pro
310 2597 426 2659 duobus
448 2610 478 2661 et
499 2599 619 2681 viginti,
641 2600 670 2660 id
687 2601 763 2680 quod
779 2601 873 2663 rarius
889 2601 1007 2682 quidem
1023 2602 1137 2675 evenit,
1164 2621 1345 2685 quamquam

91 2699 228 2778 exempla
250 2699 394 2777 ejusmodi
417 2699 598 2760 locutionum
621 2708 693 2762 sunt
715 2701 806 2762 etiam
825 2702 904 2781 apud
920 2702 1048 2781 optimos
1067 2701 1240 2782 scriptores,
1262 2705 1347 2769 velut

91 2799 217 2880 apilio.
234 2799 322 2860 Verr.
336 2799 366 2873 4,
382 2797 433 2874 55,
455 2801 519 2862 123.
542 2799 611 2862 Son.
627 2799 656 2874 9,
672 2803 720 2864 30.
743 2802 811 2864 Liv.
829 2804 877 2876 10,
895 2801 943 2876 15,
958 2803 988 2863 4.
1010 2803 1060 2875 21,
1075 2803 1126 2878 22,
1141 2803 1171 2877 4,
1188 2805 1226 2866 al.
1236 2806 1273 2889 2).
1301 2807 1346 2870 Ne

90 2902 118 2963 id
153 2900 269 2981 quidem
301 2900 421 2962 silentio
444 2903 680 2981 pretereundum
704 2913 751 2965 est
773 2902 901 2964 Plinium
927 2922 1044 2983 semper
1071 2900 1166 2978 mille,
1201 2927 1346 2988 nusquam
1431 2985 1436 2995 Ι

90 3011 227 3062 sexcenta
249 3001 382 3082 posuisse
404 3002 442 3062 ad
465 3001 614 3064 infinitum
639 3023 790 3065 numerum
814 3003 1051 3084 significandum.
1089 3003 1163 3066 Alia
1184 3005 1264 3070 mille
1286 3027 1345 3070 nen

91 3101 187 3163 nrinua
217 3102 299 3163 lauta
331 3103 357 3176 1,
382 3101 430 3175 15,
452 3104 480 3164 2.
506 3103 532 3174 1,
555 3103 604 3176 20,
630 3103 676 3165 10.
699 3103 728 3178 9,
750 3106 800 3177 26,
822 3102 852 3165 9.
891 3104 953 3167 Gir.
975 3103 1043 3166 Liv.
1065 3105 1096 3178 2,
1118 3103 1170 3180 28,
1192 3109 1219 3170 3.
1243 3108 1273 3183 3,
1297 3108 1346 3185 14,

90 3203 118 3265 4.
146 3200 225 3286 (Cic.
247 3203 302 3266 011.
329 3203 356 3277 1,
376 3204 426 3278 31,
452 3204 508 3266 113
530 3203 654 3284 aliisque
682 3204 830 3266 nonnullis
853 3204 925 3268 locis
946 3204 989 3266 sic
1011 3205 1168 3285 usurpavit
1188 3207 1346 3296 milliari).

538 3430 587 3511 De
615 3429 895 3514 Prononinitus.

171 3609 206 3669 In
242 3627 297 3670 usu
329 3607 533 3688 pronominum
564 3627 620 3668 non
650 3609 775 3670 multum
797 3607 1090 3696 Pliniusdiscrepat
1111 3612 1345 3692 ascriptoribus

89 3728 187 3772 aureae
208 3709 320 3772 aetatis:

171 3808 369 3872 Pronomim'a
390 3805 526 3893 replemini
547 3811 710 3889 genitivus,
731 3808 781 3890 qui
802 3809 925 3882 cetrati,
947 3809 1055 3873 dicitur
1076 3831 1130 3892 pro
1152 3813 1250 3896 aliquo
1271 3833 1344 3876 casn

86 3911 275 3994 pronominis
302 3909 480 3994 possessivi,
514 3913 590 3991 quod
618 3923 666 3972 est
698 3931 769 3972 suus
781 3906 828 3994 ⁴),
860 3929 941 3971 more
974 3919 1129 3992 poetarum
1159 3923 1189 3975 et
1215 3915 1343 3994 scripto·

89 4031 169 4085 rum,
203 4011 251 4092 qui
285 4021 354 4090 post
375 4011 543 4091 Augustum
574 4014 702 4076 fuerunt.
751 4011 871 4072 Montes
893 4030 1011 4073 summa
1032 4011 1083 4073 eui
1110 4021 1194 4090 parte
1222 4034 1343 4094 procera

89 4131 209 4173 nemora
243 4119 274 4172 et
306 4111 428 4192 antiqua
461 4110 574 4176 habent
606 4113 636 4186 5,
659 4112 688 4186 6,
710 4107 739 4174 7.
776 4110 837 4172 cfr.
860 4111 888 4184 5,
910 4111 940 4184 6,
964 4111 1012 4173 15.
1051 4113 1162 4190 Magna
1190 4113 1238 4176 sui
1259 4123 1343 4192 parte

88 4213 163 4275 Pan.
188 4213 237 4274 52.
274 4212 346 4292 Ipsa
377 4211 426 4273 aui
458 4213 544 4292 copia
573 4225 604 4276 et
630 4213 717 4296 qnasi
745 4211 874 4290 pondere
905 4211 1059 4292 inpellitur
1089 4211 1121 4287 8,
1142 4213 1172 4288 8,
1194 4217 1222 4276 3.
1266 4214 1342 4286 trui-

138 4395 155 4460 1)
179 4400 231 4453 Cir.
253 4400 346 4460 Neue,
370 4401 386 4453 1.
410 4400 426 4453 l.
449 4399 566 4454 Zweiter
589 4398 674 4462 Theil,
697 4399 762 4470 Peg.
791 4398 858 4454 108.

132 4481 157 4554 ²)
181 4487 231 4541 Ct'r.
254 4487 340 4548 Neue,
364 4487 379 4540 Ι.
404 4487 420 4539 l.
442 4486 560 4541 Zweiter
581 4486 673 4548 Theil,
696 4486 763 4556 Pag.
790 4487 856 4540 109.

132 4565 154 4635 ³)
177 4573 228 4626 Cir.
253 4573 379 4642 Madvig,
402 4574 476 4628 ”Lat
499 4573 701 4643 Spracnrenrev.
725 4572 815 4626 Dritte
837 4571 967 4642 Aullage,
990 4567 1007 4640 ἕ
1032 4570 1080 4632 70,
1102 4569 1165 4624 Νοι.

133 4653 156 4723 ⁴)
179 4659 230 4713 Cir.
255 4675 315 4728 quae
338 4661 372 4711 de
395 4660 447 4714 hac
469 4675 499 4714 re
522 4658 671 4729 disputavit
692 4659 806 4730 Madvig
827 4660 861 4712 ad
886 4657 938 4711 Cic
960 4657 1018 4711 rin.
1043 4657 1070 4722 2,
1088 4657 1138 4721 23,
1154 4658 1202 4714 76.
