3226 5332
93 420 152 478 178
578 418 604 476 J.
626 418 658 474 P.
681 420 850 492 Legergren.

90 593 215 657 Favere.
238 610 276 654 ue
297 589 327 668 5,
352 585 404 670 17,
426 590 456 656 6.
477 589 630 678 (pregri).
666 590 813 678 (Favere,
835 599 870 656 nt
890 588 923 666 6,
942 591 994 666 25,
1014 587 1061 673 5).
1098 587 1184 671 Opus
1204 603 1284 661 esse,
1306 605 1346 649 ne

43 703 47 718 ¹
90 688 120 769 7,
141 689 172 766 6,
195 692 223 754 3.
246 689 387 776 (Fiant).

173 790 226 856 Ne
257 811 310 874 pro
338 802 371 854 ut
397 813 433 856 nc
461 794 589 874 positum
611 802 666 856 est.
709 795 777 858 Hoc
808 801 1077 874 temperamentum
1109 788 1262 852 modestiae
1283 807 1347 852 suae

90 893 249 967 indixerit,
281 913 318 958 ne
350 893 510 976 precipere
541 895 681 960 videatur
708 896 738 969 3,
764 892 796 970 l,
816 893 846 958 6.
878 897 957 958 Pan.
979 892 1028 956 69.
1062 890 1201 976 (Madvig
1221 889 1260 952 ad
1282 889 1347 954 Cic.

89 993 168 1071 uin,
190 995 264 1074 Peg.
286 994 373 1078 252).

173 1192 342 1273 Quominue
363 1194 524 1258 insolenter
550 1195 743 1277 subjungitur
769 1196 987 1272 locutionibus,
1018 1215 1084 1278 qum
1109 1193 1234 1258 suntin
1256 1212 1351 1255 cuum

90 1315 166 1372 cene,
188 1294 222 1357 in
243 1296 380 1358 animum
401 1295 552 1360 inducere.
593 1298 661 1359 Hoc
682 1298 716 1360 in
737 1318 830 1360 cauea
843 1297 927 1384 fuit,
949 1296 1111 1382 quominus
1133 1295 1237 1358 statim
1259 1311 1352 1354 revo-

90 1397 201 1461 candos
223 1404 358 1478 putarem
385 1394 435 1472 10,
457 1396 498 1460 21
523 1394 606 1482 (32).
636 1395 720 1486 (Liv.
744 1399 794 1473 34,
816 1396 866 1473 56,
888 1397 916 1462 9.
942 1395 1013 1481 11).
1055 1397 1126 1458 Non
1148 1394 1276 1458 sustinui
1299 1393 1352 1456 in-

89 1497 198 1562 ducere
217 1497 251 1560 in
272 1496 410 1562 cetimum
430 1497 591 1582 quominus
612 1498 655 1562 illi
677 1498 840 1562 indicarem
862 1496 893 1574 9,
918 1496 970 1574 13,
992 1497 1022 1564 6.

172 1695 262 1776 Quod
284 1697 446 1761 insolenter
468 1717 687 1780 nonnumquam
710 1699 881 1782 usurpavit,
902 1700 997 1762 velut:
1024 1695 1114 1762 Adde
1138 1696 1219 1782 quod
1240 1695 1272 1768 8,
1295 1693 1350 1769 14,

89 1799 119 1864 3.
151 1799 226 1862 Pan.
249 1799 298 1863 38
331 1798 432 1883 (Podt.
453 1798 522 1864 Liv.
546 1798 575 1874 9,
601 1797 652 1872 19,
674 1798 703 1863 6.
741 1801 829 1865 Asin.
852 1799 929 1863 Poll.
952 1819 1000 1881 ap.
1022 1799 1086 1863 Cic.
1108 1800 1194 1862 Fam.
1217 1796 1269 1870 10,
1293 1795 1352 1872 31,

88 1901 117 1964 4.
140 1897 246 1984 po..st)
278 1898 339 1963 cfr
356 1895 498 1972 Addam,
519 1900 652 1984 quodi,
677 1899 728 1976 14,
750 1901 779 1964 6.
811 1899 1009 1964 Addiderunt
1029 1899 1161 1984 quode,
1176 1897 1249 1973 9,6.
1284 1899 1351 1962 Eo·

89 2002 170 2118 dem
179 2002 267 2064 modo
289 2000 412 2064 dicitur:
434 1998 532 2064 Adice
552 1999 634 2087 quod
655 2002 731 2064 Pan.
753 2001 803 2066 53.
826 2000 949 2088 (Quint
972 1999 1070 2085 Seu..)

159 2059 309 2186 Euccpto
330 2099 411 2186 quod
432 2101 509 2164 idem
532 2102 696 2183 significat,
723 2106 801 2185 qnod
818 2113 1025 2218 preterquam
1047 2101 1136 2187 quod.
1178 2102 1242 2166 Iter
1263 2120 1352 2164 com·

90 2203 177 2267 mode
209 2203 353 2284 explicui,
385 2212 504 2286 eccepto
531 2204 613 2288 quod
645 2204 765 2285 quidam
793 2225 831 2268 ex
861 2205 935 2268 meis
963 2205 1118 2266 adversam
1145 2202 1352 2264 valetudinem

89 2311 308 2370 contraxerunt
328 2303 359 2378 8,
384 2300 415 2378 1,
440 2301 470 2368 1.
493 2302 581 2389 (Ηοι.
605 2305 663 2386 Ep.
685 2303 714 2380 1,
732 2302 783 2381 10,
798 2305 847 2368 50.
870 2300 1001 2387 Quint).
1044 2305 1108 2368 Neo
1128 2302 1248 2368 silentio
1269 2323 1353 2384 prae-

89 2406 268 2470 tereundum
290 2412 339 2466 est
359 2405 488 2468 Plinium
512 2405 638 2482 dixisse:
661 2404 848 2469 Adnotatum
870 2417 932 2478 est,
953 2403 1034 2490 quod
1055 2407 1086 2476 2,
1112 2402 1173 2479 11,.
1189 2402 1217 2468 6.
1249 2401 1354 2466 Juvat

90 2525 151 2582 me,
172 2504 253 2590 quod
273 2525 327 2586 pro
349 2525 411 2569 aco.
433 2525 459 2568 c.
482 2505 537 2568 int.
563 2504 593 2581 l,
619 2503 671 2581 13,
696 2504 726 2568 1.
747 2505 779 2581 5,
805 2506 845 2569 13
867 2504 955 2592 (14),
976 2506 1005 2569 8.
1027 2506 1058 2579 8,
1080 2504 1110 2576 6,
1136 2499 1186 2568 17.

172 2604 273 2669 Hubet
293 2605 347 2670 lroc
368 2607 553 2680 sollicitudo,
578 2607 661 2692 quod
682 2608 784 2670 ornnia
806 2607 972 2672 necessaria
994 2616 1084 2688 putat
1105 2605 1135 2678 6,
1156 2605 1186 2681 9,
1207 2607 1236 2668 2.
1269 2606 1352 2670 Ριιιι.

89 2707 139 2772 45.
160 2707 211 2771 83.
245 2704 353 2791 (Apud
375 2708 438 2771 Cio.
460 2709 607 2790 particule
628 2718 661 2769 ut
682 2709 765 2790 sequi
787 2710 881 2784 solet,
905 2709 986 2770 velut
1007 2709 1068 2770 Pis.
1092 2708 1142 2782 32,
1162 2705 1235 2791 81).

173 2805 330 2870 Hactenus
357 2808 437 2892 quod
464 2829 530 2871 raro
557 2809 665 2872 dicitur
694 2810 773 2889 apud
796 2810 925 2890 optimos
946 2809 1107 2890 scriptores
1130 2826 1183 2888 pro
1205 2807 1355 2870 teodertus

89 2917 122 2972 ut
142 2907 173 2985 9,
198 2906 250 2983 15,
272 2910 302 2972 3.
338 2908 415 2993 (Cic.
438 2911 511 2972 Nat.
533 2911 621 2972 Deor.
647 2908 677 2985 1,
704 2908 755 2984 10,
777 2908 845 2995 24).

171 3007 260 3088 Quod
283 3010 318 3072 de
343 3019 476 3092 tempore
499 3019 660 3092 usurpetur
686 3030 739 3092 pro
767 3031 835 3072 cum
857 3009 1014 3092 particule.
1056 3007 1177 3072 Tertius
1198 3008 1263 3071 dies
1286 3016 1355 3084 est,

89 3109 171 3196 pund
192 3109 293 3173 audivi
315 3110 491 3174 renitentem
515 3111 702 3192 Augurinum
725 3112 756 3186 4,
778 3105 828 3186 27,
853 3109 883 3173 1.
915 3111 1032 3194 (Plaut.
1054 3107 1151 3193 Ten).

172 3309 327 3390 Quatenus
350 3313 408 3374 vim
431 3311 581 3376 causalem
604 3311 711 3388 babet,
738 3323 771 3374 ut
798 3313 878 3391 epud
901 3314 961 3377 Οι.
984 3313 1058 3375 Ηοι.
1080 3318 1160 3394 post.
1202 3309 1266 3374 Cur
1289 3329 1354 3373 non

89 3413 257 3476 Homericis
289 3413 424 3476 versibus
452 3433 537 3492 egem
566 3415 685 3478 tecum?
716 3423 861 3496 quotenus
888 3424 920 3477 tu
943 3433 990 3478 me
1017 3413 1078 3478 tuis
1101 3431 1187 3494 agere
1210 3429 1270 3474 nou
1293 3430 1356 3491 pa-

88 3513 161 3577 teris
186 3511 217 3589 l,
239 3507 270 3587 7,
291 3513 321 3576 5.
348 3515 377 3589 3,
398 3508 428 3588 7,
455 3512 504 3576 14.

172 3711 224 3777 Αιι
251 3715 401 3796 particula
422 3715 690 3779 innumerabilibus
711 3715 786 3779 locis
808 3715 923 3795 legitur,
949 3716 1000 3780 ubi
1022 3735 1097 3778 num
1118 3718 1356 3792 exspectemus,

88 3814 171 3878 velut
191 3826 263 3898 post
283 3815 347 3878 haec
368 3818 460 3878 verbe
482 3825 513 3878 et
535 3817 710 3879 locutiones.
743 3816 904 3879 Consulere
921 3813 1013 3891 1,23,
1028 3813 1057 3877 1.
1080 3813 1110 3885 9,
1125 3811 1177 3884 13,
1188 3811 1218 3873 5.
1244 3810 1355 3874 Cunc-

88 3914 148 3981 teri
169 3913 343 3991 6,16,11.
376 3918 446 3980 Νοιι
468 3936 538 3980 curo
561 3916 590 3992 6,
605 3915 660 3993 31,
678 3915 732 3979 11.
772 3917 948 3980 Delibcrere
970 3917 1000 3990 5,
1015 3915 1035 3979 9
1049 3913 1135 4000 (21),
1149 3913 1178 3976 5.
1201 3911 1231 3985 9,
1250 3909 1304 3986 13,
1320 3912 1353 3976 6.

88 4017 212 4080 Discere
234 4018 265 4092 8,
290 4016 342 4090 14,
363 4018 413 4080 24.
449 4017 604 4099 Dispicere
629 4015 680 4092 10,
704 4010 746 4081 17
768 4016 850 4102 (28),
871 4017 902 4080 5.
931 4015 984 4091 10,
1005 4017 1047 4080 33
1068 4012 1152 4103 (42),
1173 4014 1203 4076 3.
1231 4009 1285 4090 10,
1307 4008 1353 4077 77

88 4116 177 4202 (81),
191 4119 222 4180 2.
257 4115 308 4191 10,
333 4119 391 4182 112
406 4116 509 4203 (113),
524 4119 553 4181 3.
594 4119 725 4182 Dubium
748 4138 815 4182 esse
836 4115 868 4192 7,
892 4115 944 4194 10,
966 4120 995 4182 3.
1037 4117 1187 4181 Dubitare
1208 4115 1291 4188 2,4,
1318 4111 1353 4182 1.

88 4220 120 4292 3,
141 4217 171 4292 9,
196 4214 247 4281 17.
268 4217 298 4294 6,
319 4214 370 4294 27,
392 4219 421 4282 5.
443 4219 474 4292 9,
496 4221 527 4294 2,
548 4220 577 4282 5.
619 4221 801 4283 Examinere
823 4223 853 4292 2,
881 4216 933 4294 19,
958 4218 987 4282 9.
1022 4216 1160 4299 Experiri
1187 4216 1216 4288 3,
1241 4210 1295 4288 14,
1316 4217 1353 4278 2.

88 4317 118 4391 6,
143 4316 174 4393 l,
195 4322 226 4382 2.
259 4320 337 4382 Ριιι.
358 4319 409 4383 59.
452 4320 604 4401 Inspicere
632 4323 663 4392 2,
685 4320 735 4396 20,
758 4317 814 4382 11.
849 4320 1041 4400 Interrogare
1063 4321 1095 4393 2,
1116 4316 1146 4392 6,
1168 4316 1197 4378 3.
1228 4312 1282 4389 10,
1304 4314 1352 4378 56

89 4416 173 4503 (64),
194 4420 226 4483 4.
257 4416 309 4494 10,
331 4417 373 4483 96
393 4417 478 4505 (97),
500 4423 529 4483 3.
562 4421 639 4484 Ριιιι.
661 4419 712 4483 64.
757 4421 899 4484 Jndioaro
926 4423 961 4495 2,
982 4421 1017 4493 5,
1042 4417 1098 4483 11.
1148 4416 1279 4497 Liquere
1313 4417 1352 4491 2,

89 4519 125 4592 2,
150 4519 181 4582 1.
213 4521 364 4584 Nuntiare
394 4518 425 4594 1,
450 4518 508 4595 13,
529 4522 558 4583 2.
602 4520 741 4592 Qumrero
763 4520 793 4596 6,
813 4519 866 4594 29,
887 4520 917 4584 8.
943 4515 1054 4597 7,11,
1079 4518 1109 4584 l.
1131 4513 1162 4593 7,
1187 4514 1238 4591 19,
1260 4516 1291 4579 5.
1316 4515 1352 4592 9,

89 4618 142 4716 28,
162 4619 192 4698 5.
229 4619 281 4695 10,
302 4614 343 4687 79
364 4619 452 4712 (83),
473 4623 502 4686 3.
550 4621 676 4686 Referre
696 4619 727 4698 6,
748 4621 780 4700 5,
800 4623 831 4687 2.
874 4621 1013 4690 Scribere
1043 4620 1095 4700 10,
1115 4618 1157 4686 45
1178 4615 1261 4708 (54).
1293 4614 1358 4700 10,
