3264 5332
400 422 439 475 De
461 421 521 476 vita
542 423 570 476 et
593 419 748 475 elocutione
770 418 799 473 0.
822 419 906 474 Plinii
928 419 1030 475 Oaecilii
1051 419 1177 475 Secundi.
1390 424 1406 476 7

163 603 209 655 est
222 592 260 676 ¹),
282 612 314 655 se
337 593 516 673 ”numquam
537 612 556 655 a
577 591 692 673 politice
714 591 842 654 alienum
866 590 964 664 fuisse,
985 592 1037 652 sed
1052 591 1289 674 quattuordecim
1306 599 1408 653 natum

163 713 258 756 annos
281 692 419 756 Graecam
441 695 625 773 tragoediam
649 693 805 772 scripsisse
828 700 858 753 et
881 690 1055 776 enutrias)
1074 693 1242 756 redeuntem
1265 692 1295 753 in
1313 693 1410 754 Icaria

161 794 260 857 insula
293 795 390 856 ventis
423 796 577 856 detentum
611 792 719 855 latinos
753 793 849 872 elegus
883 793 912 853 iu
942 792 1012 855 illud
1035 794 1129 874 ipsum
1154 814 1234 856 mare
1254 792 1409 873 ipsamque

160 896 287 957 insulam
311 896 432 969 fecisse,
454 895 559 956 deinde
581 895 680 955 Horou
702 915 733 956 se
756 902 915 974 expertum
937 914 1017 968 esse,
1039 903 1102 956 tum
1126 895 1276 956 addidisse
1294 893 1410 955 iambos

162 995 305 1057 facilitate
328 1004 508 1077 corruptum,
530 995 598 1056 inde
619 996 706 1075 plura
729 1004 825 1055 metra
848 1003 1019 1074 temptasse,
1042 1004 1193 1075 postremo
1215 1013 1305 1057 unum
1322 1014 1410 1073 sepa·

160 1097 246 1159 ratim
276 1096 591 1177 hendecasyllaborum
619 1096 754 1157 volumen
784 1095 982 1156 absolvisse.'’
1025 1094 1161 1166 Quodsi
1183 1096 1341 1158 dolendum
1365 1104 1411 1156 est

160 1217 262 1259 omnes
290 1196 354 1276 ejus
382 1196 532 1259 orationes
558 1204 666 1276 praeter
692 1195 909 1275 Panegyricum
932 1195 1013 1256 illum
1036 1195 1066 1256 in
1089 1197 1250 1276 Trajanum
1273 1194 1411 1275 periisse,

160 1297 273 1360 nullum
296 1307 350 1359 aut
371 1307 452 1359 certe
473 1317 598 1378 parvum
622 1306 668 1358 est
690 1296 916 1367 detrimentum,
943 1297 1021 1376 quod
1037 1297 1171 1358 carmina
1185 1298 1247 1378 ejus
1262 1296 1411 1358 oblivione

158 1407 230 1460 sunt
251 1399 368 1460 obruta.
411 1397 599 1478 Quamquam
622 1398 701 1458 enim
724 1399 787 1478 ipse
810 1396 987 1468 affirmavit,
1014 1397 1313 1480 '’Heudccasyllabos
1341 1416 1410 1459 suos

159 1498 214 1579 legi
237 1499 364 1560 describi
386 1499 501 1560 cantari
523 1499 614 1560 etiam
637 1507 668 1560 et
690 1519 708 1559 a
730 1498 845 1562 Graeuis
860 1497 1005 1578 quoque'',
1027 1507 1126 1558 tamen
1142 1507 1189 1560 est
1203 1499 1411 1572 dubitandum,

160 1620 228 1661 num
251 1607 359 1680 praeter
380 1600 477 1679 ipsum
500 1607 530 1660 et
553 1601 681 1660 fortasse
703 1618 824 1660 uxorem
848 1599 911 1678 ejus
933 1598 1097 1659 litteratam
1111 1597 1141 1681 ³)
1164 1599 1210 1659 his
1232 1599 1410 1660 carminibus

159 1700 265 1781 aliquis
291 1700 434 1762 delectari
467 1699 617 1779 potuerit,
649 1700 675 1760 si
697 1701 816 1780 quidem
841 1699 1042 1779 conjecturam
1072 1701 1168 1760 facere
1201 1699 1269 1761 licet
1297 1718 1335 1760 ex
1358 1699 1410 1772 iis,

159 1802 209 1882 qui
240 1802 337 1863 adhuc
364 1800 499 1882 epistolis
532 1801 700 1881 interpositi
733 1808 868 1874 exstant,
902 1799 1055 1861 versiculis
1089 1800 1170 1861 duris
1192 1811 1282 1880 atque
1304 1799 1410 1861 incon-

158 1901 238 1963 ditis.
281 1903 385 1983 Neque
408 1921 477 1963 vero
500 1921 551 1980 ego
574 1902 691 1980 ignoro,
726 1901 881 1963 nonnullos
910 1900 1000 1961 fuisse
1023 1901 1117 1961 malos
1140 1901 1267 1962 maxime
1289 1906 1411 1981 poetas,

159 2003 207 2084 qui
229 2002 361 2065 Plinium
383 2002 521 2064 admirati
546 2021 665 2081 prorsus
689 2002 770 2063 aliud
793 2001 828 2061 de
851 2001 983 2063 versibus
998 2001 1060 2081 ejus
1074 2001 1217 2078 judicium
1233 1998 1411 2084 facerenm),

158 2105 208 2165 sed
231 2103 368 2165 dubitare
391 2103 478 2175 licet,
512 2123 550 2162 an
574 2102 634 2175 illi,
667 2112 700 2163 ut
726 2101 852 2180 gratiam
879 2101 968 2162 Plinii
990 2102 1047 2163 sibi
1069 2102 1278 2176 conciliarent,
1307 2101 1410 2163 aliisve

159 2204 256 2265 minus
289 2204 420 2265 honestis
454 2203 584 2266 consiliis
610 2202 691 2264 ducti
720 2204 757 2263 ad
786 2201 936 2281 indignam
967 2203 1168 2264 adulationem
1197 2201 1410 2263 descenderint.

159 2304 220 2365 Alii
253 2305 330 2365 enim
361 2324 454 2386 neque
477 2303 514 2376 ii,
547 2305 652 2377 credo,
684 2303 935 2383 imprudentiores
963 2304 1071 2364 acriter
1099 2303 1228 2365 Plinium
1251 2303 1411 2384 reprehen-

162 2406 283 2479 derunt,
315 2404 392 2486 quod
421 2414 512 2466 exuta
538 2404 690 2466 senatoria
719 2404 867 2483 gravitate
889 2412 920 2464 et
941 2404 1090 2466 consulari
1112 2404 1257 2484 dignitate
1279 2403 1412 2482 neglecta

162 2506 315 2568 lasciviam
339 2504 451 2567 Catulli
473 2505 650 2578 imitaretur,
672 2525 708 2567 ac
730 2514 810 2567 certe
833 2505 990 2566 admodum
1014 2506 1131 2568 diversa
1149 2507 1239 2566 fuisse
1256 2505 1411 2566 existima-

161 2617 258 2668 turum
281 2606 317 2668 de
339 2606 501 2668 virtutibus
524 2615 576 2668 aut
600 2605 682 2667 vitiis
702 2607 865 2668 carminum
887 2605 1094 2668 Plinianorum
1112 2606 1227 2687 judicia
1249 2605 1412 2668 luculenter

163 2716 289 2788 apparet
302 2705 343 2788 ⁵).

243 2807 374 2869 Plinium
398 2815 512 2880 autem,
535 2805 583 2886 qui
606 2814 763 2886 tantopere
786 2807 952 2868 litterarum
975 2807 1082 2870 studiis
1104 2807 1313 2881 delectaretur,
1335 2815 1413 2868 stre-

161 2909 256 2989 pitum
278 2909 361 2969 urbis
384 2915 414 2968 et
437 2908 553 2968 labores
576 2927 595 2968 a
616 2907 723 2969 studiis
745 2908 876 2982 alienos,
897 2908 1011 2988 quoties
1034 2908 1147 2983 liceret,
1181 2910 1308 2989 fugisse,
1341 2927 1413 2970 cou-

160 3018 334 3071 sentaneum
357 3017 411 3069 est.
449 3008 497 3069 Ac
518 3027 599 3088 saepe
621 3008 764 3089 queritur,
787 3029 818 3070 se
834 3008 964 3089 ”frigidis
981 3009 1106 3086 negotiis
1124 3006 1318 3092 distringi’'⁶)
1341 3028 1413 3089 ope-

161 3129 281 3191 ramque
304 3129 388 3170 suam
411 3108 533 3170 urbanis
555 3116 585 3169 et
606 3109 725 3170 rusticis
747 3109 871 3188 negotiis
894 3109 1047 3170 absorberi
1059 3107 1098 3194 ⁷).
1135 3111 1180 3171 Eo
1201 3121 1301 3173 autem
1317 3110 1413 3189 majo-

162 3230 221 3272 rem
246 3209 473 3272 delectationem
498 3209 595 3290 cepit,
618 3211 734 3290 quoties
757 3210 783 3271 ei
806 3210 917 3272 licebat
939 3211 998 3272 otio
1022 3219 1053 3271 et
1070 3211 1288 3291 tranquillitate
1308 3211 1363 3273 frui
1380 3211 1413 3273 in

48 3359 51 3366 .
161 3311 375 3373 amoenissimis
408 3310 500 3385 villis,
533 3329 607 3391 quas
633 3319 756 3372 venuste
783 3320 813 3372 et
835 3311 950 3392 poetice
972 3311 1130 3392 descripsit
1141 3310 1181 3394 ⁸).
1224 3312 1353 3375 Proinde
1375 3334 1412 3373 ne

162 3411 312 3484 miremur,
335 3431 401 3472 eum
424 3411 616 3472 vehementer
638 3419 756 3492 optare,
778 3419 812 3473 ut
834 3412 937 3474 veniat
958 3411 1117 3494 aliquando
1134 3423 1261 3494 tempus,
1284 3413 1413 3494 quesibi

160 3532 212 3592 per
232 3521 351 3575 atatem
374 3512 464 3572 liceat
485 3511 513 3572 in
537 3511 598 3574 otio
621 3521 765 3592 perpetuo
788 3513 895 3575 litteris
916 3522 1012 3575 totum
1034 3533 1066 3575 se
1089 3514 1161 3575 dare
1175 3514 1215 3597 ⁹),
1248 3511 1324 3596 quod
1348 3515 1413 3595 qui-

160 3615 227 3688 dem
255 3621 392 3695 optatum
420 3631 578 3692 numquam
602 3623 778 3676 consecutus
800 3634 863 3675 esse
886 3614 1010 3675 videtur.
1053 3616 1080 3678 Ε
1103 3616 1253 3678 contrario
1275 3624 1338 3677 tarn
1361 3635 1413 3678 oc-

161 3723 288 3794 cupatus
320 3733 438 3794 semper
471 3721 501 3774 et
533 3712 562 3774 in
596 3714 720 3794 negotiis
747 3715 874 3795 publicis
895 3715 1031 3795 gerendis
1054 3723 1086 3777 et
1107 3717 1136 3778 in
1159 3717 1285 3798 privatis
1307 3716 1412 3779 officiis

160 3815 305 3877 obeundis
328 3815 417 3876 fuisse
439 3813 568 3887 videtur,
596 3824 631 3877 ut
654 3815 820 3877 mirandum
843 3815 898 3889 sit,
930 3815 1077 3891 Plinium,
1104 3818 1153 3899 qui
1175 3837 1194 3880 a
1216 3827 1323 3880 natura
1345 3836 1411 3880 cor-

160 3934 232 3996 pore
252 3915 400 3978 imbecillo
423 3917 587 3976 instructus
610 3927 689 3977 esset
710 3922 799 3997 atque
821 3916 939 3978 infirma
961 3918 1130 3980 valetudine
1152 3918 1318 3988 laboraret,
1341 3925 1411 3978 tan·

160 4015 199 4101 tis
223 4016 367 4096 molestiis
390 4035 447 4077 nou
471 4015 574 4077 statim
597 4016 799 4078 succubuisse.
842 4017 944 4080 Nihilo
966 4025 1064 4080 tamen
1088 4019 1185 4081 secius
1207 4019 1351 4091 affirmat,
1378 4037 1410 4078 se

160 4126 278 4198 tempus
306 4115 360 4179 otii
387 4115 484 4178 ''inter
509 4115 667 4195 pugillares
694 4137 729 4179 ac
754 4116 871 4179 libellus
896 4119 1119 4181 transmisisse'’
1133 4120 1188 4201 ¹⁰),
1216 4117 1292 4200 quod
1317 4117 1410 4198 pluris

161 4218 370 4280 estimandum
392 4225 437 4280 est
458 4218 488 4279 in
509 4215 630 4279 humine
651 4226 699 4280 tot
720 4218 870 4300 tantisque
894 4219 1045 4284 laboribus
1067 4220 1206 4284 distentu.

209 4395 216 4432 r

205 4404 228 4554 ²}
249 4399 339 4558 ἔὶῳΐα
362 4489 494 4556 diximus,
516 4509 577 4546 eum
600 4491 628 4546 in
649 4491 729 4563 Syria
754 4491 889 4547 tribunum
913 4491 1050 4546 militasse.

206 4567 227 4639 ³)
251 4575 280 4639 4,
307 4577 353 4638 19.
377 4577 404 4630 4.
529 4573 602 4642 ⁴)4,
628 4577 675 4640 27,
700 4579 726 4632 4.
841 4573 966 4645 ὅ)5,3.
1075 4570 1098 4642 ⁶)
1125 4579 1150 4641 1,
1174 4579 1202 4640 9.
1226 4580 1252 4634 3.
1276 4581 1303 4640 9.
1329 4581 1356 4644 2,
1382 4583 1409 4636 l.

207 4653 404 4727 ἲ)’1,30,2.
528 4657 552 4733 ⁸)
577 4663 605 4729 2,
632 4665 679 4719 17.
703 4665 730 4726 5.
755 4667 780 4720 6.
890 4658 914 4729 ⁹)
936 4667 965 4728 4,
989 4662 1038 4728 23,
1061 4662 1089 4718 4.
1181 4658 1211 4729 10)
1235 4668 1263 4728 9,
1287 4668 1314 4730 6,
1341 4669 1366 4722 1.
