<?xml version="1.0" encoding="UTF-8"?>
<!DOCTYPE html PUBLIC "-//W3C//DTD XHTML 1.0 Transitional//EN"
    "http://www.w3.org/TR/xhtml1/DTD/xhtml1-transitional.dtd">
<html xmlns="http://www.w3.org/1999/xhtml" xml:lang="en" lang="en">
 <head>
  <title>
</title>
<meta http-equiv="Content-Type" content="text/html;charset=utf-8" />
  <meta name='ocr-system' content='tesseract 3.04.00' />
  <meta name='ocr-capabilities' content='ocr_page ocr_carea ocr_par ocr_line ocrx_word'/>
</head>
<body>
  <div class='ocr_page' id='page_1' title='image "./devitaetelocuti00lagegoog_0128.png"; bbox 0 0 3226 5332; ppageno 0'>
   <div class='ocr_carea' id='block_1_1' title="bbox 274 405 1293 470">
    <p class='ocr_par' dir='ltr' id='par_1_1' title="bbox 274 405 1293 470">
     <span class='ocr_line' id='line_1_1' title="bbox 274 405 1293 470; baseline -0.009 -2"><span class='ocrx_word' id='word_1_1' title='bbox 274 413 314 468; x_wconf 88' lang='lat' dir='ltr'>Dc</span> <span class='ocrx_word' id='word_1_2' title='bbox 337 414 397 469; x_wconf 78' lang='lat' dir='ltr'>rita</span> <span class='ocrx_word' id='word_1_3' title='bbox 411 417 448 468; x_wconf 84' lang='lat' dir='ltr'>ct</span> <span class='ocrx_word' id='word_1_4' title='bbox 470 414 626 470; x_wconf 74' lang='lat' dir='ltr'>elocutione</span> <span class='ocrx_word' id='word_1_5' title='bbox 649 413 678 468; x_wconf 80' lang='grc' dir='ltr'>Ο.</span> <span class='ocrx_word' id='word_1_6' title='bbox 703 413 787 470; x_wconf 87' lang='lat' dir='ltr'>Plinii</span> <span class='ocrx_word' id='word_1_7' title='bbox 809 411 912 468; x_wconf 69' lang='lat' dir='ltr'>Caecilii</span> <span class='ocrx_word' id='word_1_8' title='bbox 935 409 1062 466; x_wconf 86' lang='lat' dir='ltr'>Secundi.</span> <span class='ocrx_word' id='word_1_9' title='bbox 1234 405 1293 467; x_wconf 86' lang='grc' dir='ltr'>Ι121</span> 
     </span>
    </p>
   </div>
   <div class='ocr_carea' id='block_1_2' title="bbox 68 583 1298 1578">
    <p class='ocr_par' dir='ltr' id='par_1_2' title="bbox 68 583 1296 972">
     <span class='ocr_line' id='line_1_2' title="bbox 126 583 1296 670; baseline -0.007 -22"><span class='ocrx_word' id='word_1_10' title='bbox 126 584 287 670; x_wconf 80' lang='lat' dir='ltr'>Snbjeeere</span> <span class='ocrx_word' id='word_1_11' title='bbox 327 587 362 650; x_wconf 88' lang='lat' dir='ltr'>dc</span> <span class='ocrx_word' id='word_1_12' title='bbox 396 586 460 649; x_wconf 89' lang='lat' dir='ltr'>loco</span> <span class='ocrx_word' id='word_1_13' title='bbox 494 585 606 648; x_wconf 90' lang='lat' dir='ltr'>dictum</span> <span class='ocrx_word' id='word_1_14' title='bbox 640 585 717 648; x_wconf 87' lang='lat' dir='ltr'>idern</span> <span class='ocrx_word' id='word_1_15' title='bbox 755 584 920 666; x_wconf 86' lang='lat' dir='ltr'>significat,</span> <span class='ocrx_word' id='word_1_16' title='bbox 957 584 1036 667; x_wconf 89' lang='lat' dir='ltr'>quod</span> <span class='ocrx_word' id='word_1_17' title='bbox 1068 583 1146 665; x_wconf 89' lang='lat' dir='ltr'>apud</span> <span class='ocrx_word' id='word_1_18' title='bbox 1181 586 1296 642; x_wconf 85' lang='lat' dir='ltr'>veteres</span> 
     </span>
     <span class='ocr_line' id='line_1_3' title="bbox 68 681 1296 769; baseline -0.005 -21"><span class='ocrx_word' id='word_1_19' title='bbox 68 687 203 768; x_wconf 84' lang='lat' dir='ltr'>niptores</span> <span class='ocrx_word' id='word_1_20' title='bbox 226 682 412 767; x_wconf 76' lang='lat' dir='ltr'>”subjectum</span> <span class='ocrx_word' id='word_1_21' title='bbox 435 707 514 761; x_wconf 90' lang='lat' dir='ltr'>esse,</span> <span class='ocrx_word' id='word_1_22' title='bbox 537 688 740 767; x_wconf 90' lang='lat' dir='ltr'>propesitum</span> <span class='ocrx_word' id='word_1_23' title='bbox 763 685 857 750; x_wconf 88' lang='lat' dir='ltr'>esse.&#39;’</span> <span class='ocrx_word' id='word_1_24' title='bbox 889 683 1052 769; x_wconf 84' lang='lat' dir='ltr'>Snbjacens</span> <span class='ocrx_word' id='word_1_25' title='bbox 1068 704 1148 747; x_wconf 86' lang='lat' dir='ltr'>mara</span> <span class='ocrx_word' id='word_1_26' title='bbox 1162 681 1296 744; x_wconf 91' lang='lat' dir='ltr'>intuetur</span> 
     </span>
     <span class='ocr_line' id='line_1_4' title="bbox 68 779 1296 872; baseline -0.007 -22"><span class='ocrx_word' id='word_1_27' title='bbox 68 786 243 872; x_wconf 79' lang='lat' dir='ltr'>tubiculum)</span> <span class='ocrx_word' id='word_1_28' title='bbox 276 791 306 861; x_wconf 85' lang='lat'>2,</span> <span class='ocrx_word' id='word_1_29' title='bbox 332 781 379 862; x_wconf 98' lang='grc'>17,</span> <span class='ocrx_word' id='word_1_30' title='bbox 401 788 430 852; x_wconf 90' lang='grc'>6.</span> <span class='ocrx_word' id='word_1_31' title='bbox 472 788 626 849; x_wconf 86' lang='lat' dir='ltr'>Fenestris</span> <span class='ocrx_word' id='word_1_32' title='bbox 659 787 788 871; x_wconf 75' lang='lat' dir='ltr'>subjacet</span> <span class='ocrx_word' id='word_1_33' title='bbox 821 787 1001 850; x_wconf 85' lang='lat' dir='ltr'>vestibulum</span> <span class='ocrx_word' id='word_1_34' title='bbox 1025 787 1101 849; x_wconf 78' lang='lat' dir='ltr'>villas</span> <span class='ocrx_word' id='word_1_35' title='bbox 1123 787 1153 860; x_wconf 84' lang='lat'>2,</span> <span class='ocrx_word' id='word_1_36' title='bbox 1179 779 1296 856; x_wconf 90' lang='grc'>17,15.</span> 
     </span>
     <span class='ocr_line' id='line_1_5' title="bbox 68 887 943 972; baseline -0.003 -21"><span class='ocrx_word' id='word_1_37' title='bbox 68 937 70 958; x_wconf 91' lang='grc'>,</span> <span class='ocrx_word' id='word_1_38' title='bbox 94 888 124 963; x_wconf 91' lang='grc'>6,</span> <span class='ocrx_word' id='word_1_39' title='bbox 146 891 175 950; x_wconf 94' lang='grc'>2.</span> <span class='ocrx_word' id='word_1_40' title='bbox 198 888 229 962; x_wconf 92' lang='grc'>5,</span> <span class='ocrx_word' id='word_1_41' title='bbox 251 888 281 962; x_wconf 88' lang='grc'>6,</span> <span class='ocrx_word' id='word_1_42' title='bbox 303 891 353 952; x_wconf 89' lang='grc'>23.</span> <span class='ocrx_word' id='word_1_43' title='bbox 376 888 477 968; x_wconf 88' lang='grc'>6,16,</span> <span class='ocrx_word' id='word_1_44' title='bbox 499 888 529 952; x_wconf 90' lang='grc'>8.</span> <span class='ocrx_word' id='word_1_45' title='bbox 551 887 582 961; x_wconf 91' lang='grc'>8,</span> <span class='ocrx_word' id='word_1_46' title='bbox 605 890 655 964; x_wconf 96' lang='grc'>20,</span> <span class='ocrx_word' id='word_1_47' title='bbox 678 890 707 951; x_wconf 91' lang='grc'>3.</span> <span class='ocrx_word' id='word_1_48' title='bbox 731 889 830 972; x_wconf 86' lang='grc'>(01111.</span> <span class='ocrx_word' id='word_1_49' title='bbox 854 887 943 970; x_wconf 84' lang='lat' dir='ltr'>Gal).</span> 
     </span>
    </p>

    <p class='ocr_par' dir='ltr' id='par_1_3' title="bbox 123 980 1297 1071">
     <span class='ocr_line' id='line_1_6' title="bbox 123 980 1297 1071; baseline -0.007 -20"><span class='ocrx_word' id='word_1_50' title='bbox 123 987 291 1051; x_wconf 80' lang='lat' dir='ltr'>Subactum</span> <span class='ocrx_word' id='word_1_51' title='bbox 316 990 336 1051; x_wconf 91' lang='lat' dir='ltr'>i.</span> <span class='ocrx_word' id='word_1_52' title='bbox 358 1010 382 1052; x_wconf 89' lang='lat' dir='ltr'>s.</span> <span class='ocrx_word' id='word_1_53' title='bbox 406 1010 432 1071; x_wconf 91' lang='lat' dir='ltr'>q.</span> <span class='ocrx_word' id='word_1_54' title='bbox 455 987 647 1052; x_wconf 71' lang='lat' dir='ltr'>subscribere.</span> <span class='ocrx_word' id='word_1_55' title='bbox 690 987 824 1053; x_wconf 80' lang='lat' dir='ltr'>Sebaste</span> <span class='ocrx_word' id='word_1_56' title='bbox 850 989 966 1051; x_wconf 86' lang='lat' dir='ltr'>libellos</span> <span class='ocrx_word' id='word_1_57' title='bbox 995 989 1023 1062; x_wconf 91' lang='lat' dir='ltr'>l,</span> <span class='ocrx_word' id='word_1_58' title='bbox 1048 989 1096 1062; x_wconf 92' lang='lat'>10,</span> <span class='ocrx_word' id='word_1_59' title='bbox 1118 987 1146 1051; x_wconf 87' lang='lat'>9.</span> <span class='ocrx_word' id='word_1_60' title='bbox 1169 980 1297 1070; x_wconf 79' lang='lat' dir='ltr'>(Suet).</span> 
     </span>
    </p>

    <p class='ocr_par' dir='ltr' id='par_1_4' title="bbox 68 1084 1298 1276">
     <span class='ocr_line' id='line_1_7' title="bbox 123 1084 1298 1174; baseline -0.006 -22"><span class='ocrx_word' id='word_1_61' title='bbox 123 1088 351 1174; x_wconf 79' lang='lat' dir='ltr'>Supersem&#39;bere</span> <span class='ocrx_word' id='word_1_62' title='bbox 383 1090 401 1152; x_wconf 92' lang='lat' dir='ltr'>i.</span> <span class='ocrx_word' id='word_1_63' title='bbox 428 1111 452 1152; x_wconf 87' lang='grc'>1.</span> <span class='ocrx_word' id='word_1_64' title='bbox 481 1111 508 1171; x_wconf 93' lang='lat' dir='ltr'>q.</span> <span class='ocrx_word' id='word_1_65' title='bbox 541 1111 636 1174; x_wconf 85' lang='lat' dir='ltr'>supra</span> <span class='ocrx_word' id='word_1_66' title='bbox 662 1089 799 1154; x_wconf 83' lang='lat' dir='ltr'>scribere.</span> <span class='ocrx_word' id='word_1_67' title='bbox 847 1088 1060 1173; x_wconf 81' lang='lat' dir='ltr'>Superscripto</span> <span class='ocrx_word' id='word_1_68' title='bbox 1086 1089 1144 1152; x_wconf 86' lang='lat' dir='ltr'>alio</span> <span class='ocrx_word' id='word_1_69' title='bbox 1173 1084 1298 1165; x_wconf 86' lang='lat' dir='ltr'>explici-</span> 
     </span>
     <span class='ocr_line' id='line_1_8' title="bbox 68 1186 520 1276; baseline 0.002 -24"><span class='ocrx_word' id='word_1_70' title='bbox 68 1211 103 1252; x_wconf 83' lang='lat' dir='ltr'>rm</span> <span class='ocrx_word' id='word_1_71' title='bbox 128 1186 157 1265; x_wconf 90' lang='grc'>7,</span> <span class='ocrx_word' id='word_1_72' title='bbox 181 1191 228 1263; x_wconf 92' lang='grc'>12,</span> <span class='ocrx_word' id='word_1_73' title='bbox 251 1192 279 1253; x_wconf 89' lang='grc'>3.</span> <span class='ocrx_word' id='word_1_74' title='bbox 303 1190 520 1276; x_wconf 59' lang='grc'>(81111111).</span> 
     </span>
    </p>

    <p class='ocr_par' dir='ltr' id='par_1_5' title="bbox 68 1287 1297 1478">
     <span class='ocr_line' id='line_1_9' title="bbox 123 1287 1297 1378; baseline -0.005 -24"><span class='ocrx_word' id='word_1_75' title='bbox 123 1289 321 1376; x_wconf 68' lang='lat' dir='ltr'>supervivere</span> <span class='ocrx_word' id='word_1_76' title='bbox 342 1293 361 1355; x_wconf 90' lang='lat' dir='ltr'>i.</span> <span class='ocrx_word' id='word_1_77' title='bbox 385 1313 412 1374; x_wconf 90' lang='lat' dir='ltr'>q.</span> <span class='ocrx_word' id='word_1_78' title='bbox 435 1292 621 1378; x_wconf 71' lang='lat' dir='ltr'>superstitem</span> <span class='ocrx_word' id='word_1_79' title='bbox 643 1312 713 1355; x_wconf 87' lang='lat' dir='ltr'>esse.</span> <span class='ocrx_word' id='word_1_80' title='bbox 758 1291 869 1354; x_wconf 89' lang='lat' dir='ltr'>Gloriae</span> <span class='ocrx_word' id='word_1_81' title='bbox 892 1311 952 1352; x_wconf 87' lang='lat' dir='ltr'>suae</span> <span class='ocrx_word' id='word_1_82' title='bbox 975 1289 1193 1374; x_wconf 62' lang='grc'>1111101112,</span> <span class='ocrx_word' id='word_1_83' title='bbox 1218 1288 1246 1362; x_wconf 96' lang='lat' dir='ltr'>l,</span> <span class='ocrx_word' id='word_1_84' title='bbox 1271 1287 1297 1348; x_wconf 94' lang='grc'>1.</span> 
     </span>
     <span class='ocr_line' id='line_1_10' title="bbox 68 1390 373 1478; baseline 0 -22"><span class='ocrx_word' id='word_1_85' title='bbox 68 1393 142 1456; x_wconf 81' lang='grc'>1111.</span> <span class='ocrx_word' id='word_1_86' title='bbox 165 1394 246 1456; x_wconf 88' lang='lat' dir='ltr'>Flor.</span> <span class='ocrx_word' id='word_1_87' title='bbox 268 1390 373 1478; x_wconf 87' lang='lat' dir='ltr'>Just).</span> 
     </span>
    </p>

    <p class='ocr_par' dir='ltr' id='par_1_6' title="bbox 125 1489 1293 1578">
     <span class='ocr_line' id='line_1_11' title="bbox 125 1489 1293 1578; baseline -0.004 -24"><span class='ocrx_word' id='word_1_88' title='bbox 125 1492 334 1577; x_wconf 85' lang='lat' dir='ltr'>Transponere</span> <span class='ocrx_word' id='word_1_89' title='bbox 356 1495 374 1556; x_wconf 92' lang='lat' dir='ltr'>i.</span> <span class='ocrx_word' id='word_1_90' title='bbox 397 1515 424 1578; x_wconf 92' lang='lat' dir='ltr'>q.</span> <span class='ocrx_word' id='word_1_91' title='bbox 447 1492 623 1578; x_wconf 76' lang='lat' dir='ltr'>trararrferre.</span> <span class='ocrx_word' id='word_1_92' title='bbox 659 1495 727 1556; x_wconf 86' lang='lat' dir='ltr'>Erit</span> <span class='ocrx_word' id='word_1_93' title='bbox 750 1493 834 1556; x_wconf 85' lang='lat' dir='ltr'>facile</span> <span class='ocrx_word' id='word_1_94' title='bbox 857 1511 949 1554; x_wconf 91' lang='lat' dir='ltr'>onera</span> <span class='ocrx_word' id='word_1_95' title='bbox 970 1502 1165 1577; x_wconf 69' lang='lat' dir='ltr'><strong><em>transponere</em></strong></span> <span class='ocrx_word' id='word_1_96' title='bbox 1185 1489 1215 1551; x_wconf 94' lang='lat' dir='ltr'>in</span> <span class='ocrx_word' id='word_1_97' title='bbox 1238 1489 1293 1550; x_wconf 87' lang='lat' dir='ltr'>flu·</span> 
     </span>
    </p>
   </div>
   <div class='ocr_carea' id='block_1_3' title="bbox 69 1593 638 1680">
    <p class='ocr_par' dir='ltr' id='par_1_7' title="bbox 69 1593 638 1680">
     <span class='ocr_line' id='line_1_12' title="bbox 69 1593 638 1680; baseline 0.002 -24"><span class='ocrx_word' id='word_1_98' title='bbox 69 1613 105 1656; x_wconf 91' lang='lat' dir='ltr'>en</span> <span class='ocrx_word' id='word_1_99' title='bbox 132 1596 180 1668; x_wconf 95' lang='grc'>10,</span> <span class='ocrx_word' id='word_1_100' title='bbox 202 1593 345 1679; x_wconf 84' lang='grc'>61·(69),</span> <span class='ocrx_word' id='word_1_101' title='bbox 367 1598 396 1658; x_wconf 91' lang='grc'>2.</span> <span class='ocrx_word' id='word_1_102' title='bbox 419 1594 508 1680; x_wconf 87' lang='lat' dir='ltr'>(Tac.</span> <span class='ocrx_word' id='word_1_103' title='bbox 531 1594 638 1678; x_wconf 89' lang='lat' dir='ltr'>Just).</span> 
     </span>
    </p>
   </div>
   <div class='ocr_carea' id='block_1_4' title="bbox 68 1729 1296 3428">
    <p class='ocr_par' dir='ltr' id='par_1_8' title="bbox 121 1729 1143 1811">
     <span class='ocr_line' id='line_1_13' title="bbox 121 1729 1143 1811; baseline -0.001 -22"><span class='ocrx_word' id='word_1_104' title='bbox 121 1729 179 1790; x_wconf 89' lang='lat' dir='ltr'>His</span> <span class='ocrx_word' id='word_1_105' title='bbox 200 1730 299 1791; x_wconf 86' lang='lat' dir='ltr'>verbis</span> <span class='ocrx_word' id='word_1_106' title='bbox 321 1751 339 1791; x_wconf 88' lang='lat' dir='ltr'>a</span> <span class='ocrx_word' id='word_1_107' title='bbox 361 1729 458 1791; x_wconf 86' lang='lat' dir='ltr'>Plinio</span> <span class='ocrx_word' id='word_1_108' title='bbox 482 1749 559 1792; x_wconf 88' lang='lat' dir='ltr'>nova</span> <span class='ocrx_word' id='word_1_109' title='bbox 581 1730 626 1790; x_wconf 90' lang='lat' dir='ltr'>vis</span> <span class='ocrx_word' id='word_1_110' title='bbox 648 1729 790 1811; x_wconf 89' lang='lat' dir='ltr'>imposita</span> <span class='ocrx_word' id='word_1_111' title='bbox 811 1729 928 1791; x_wconf 90' lang='lat' dir='ltr'>videtur</span> <span class='ocrx_word' id='word_1_112' title='bbox 950 1747 1030 1790; x_wconf 90' lang='lat' dir='ltr'>esse:</span> <span class='ocrx_word' id='word_1_113' title='bbox 1139 1785 1143 1796; x_wconf 90' lang='grc'>,</span> 
     </span>
    </p>

    <p class='ocr_par' dir='ltr' id='par_1_9' title="bbox 68 1824 1296 2412">
     <span class='ocr_line' id='line_1_14' title="bbox 123 1824 1296 1912; baseline -0.002 -22"><span class='ocrx_word' id='word_1_114' title='bbox 123 1827 284 1893; x_wconf 86' lang='lat' dir='ltr'>Adredere</span> <span class='ocrx_word' id='word_1_115' title='bbox 316 1832 433 1912; x_wconf 91' lang='lat' dir='ltr'>proprie</span> <span class='ocrx_word' id='word_1_116' title='bbox 465 1840 626 1911; x_wconf 87' lang='lat' dir='ltr'>usurpatur</span> <span class='ocrx_word' id='word_1_117' title='bbox 658 1832 788 1892; x_wconf 86' lang='lat' dir='ltr'>maxime</span> <span class='ocrx_word' id='word_1_118' title='bbox 811 1851 833 1893; x_wconf 81' lang='lat' dir='ltr'>a.</span> <span class='ocrx_word' id='word_1_119' title='bbox 851 1829 947 1910; x_wconf 76' lang='lat' dir='ltr'>poetis</span> <span class='ocrx_word' id='word_1_120' title='bbox 974 1829 1010 1890; x_wconf 91' lang='lat' dir='ltr'>de</span> <span class='ocrx_word' id='word_1_121' title='bbox 1033 1828 1142 1902; x_wconf 87' lang='lat' dir='ltr'>barba,</span> <span class='ocrx_word' id='word_1_122' title='bbox 1165 1824 1296 1906; x_wconf 86' lang='lat' dir='ltr'>capillis,</span> 
     </span>
     <span class='ocr_line' id='line_1_15' title="bbox 68 1929 1296 2012; baseline -0.002 -20"><span class='ocrx_word' id='word_1_123' title='bbox 68 1930 198 1993; x_wconf 80' lang='lat' dir='ltr'>¹boribus</span> <span class='ocrx_word' id='word_1_124' title='bbox 226 1932 400 2005; x_wconf 83' lang='lat' dir='ltr'>tondendis,</span> <span class='ocrx_word' id='word_1_125' title='bbox 433 1931 486 1993; x_wconf 91' lang='lat' dir='ltr'>sed</span> <span class='ocrx_word' id='word_1_126' title='bbox 514 1931 629 1993; x_wconf 87' lang='lat' dir='ltr'>Plinius</span> <span class='ocrx_word' id='word_1_127' title='bbox 658 1953 709 2012; x_wconf 91' lang='lat' dir='ltr'>per</span> <span class='ocrx_word' id='word_1_128' title='bbox 731 1932 962 1996; x_wconf 81' lang='lat' dir='ltr'>translationem</span> <span class='ocrx_word' id='word_1_129' title='bbox 983 1931 1087 2010; x_wconf 69' lang='lat' dir='ltr'>vposuit</span> <span class='ocrx_word' id='word_1_130' title='bbox 1109 1931 1169 1991; x_wconf 87' lang='lat' dir='ltr'>fere</span> <span class='ocrx_word' id='word_1_131' title='bbox 1192 1929 1296 1990; x_wconf 87' lang='lat' dir='ltr'>eadam</span> 
     </span>
     <span class='ocr_line' id='line_1_16' title="bbox 68 2030 1295 2120; baseline -0.001 -29"><span class='ocrx_word' id='word_1_132' title='bbox 68 2031 271 2112; x_wconf 81' lang='lat' dir='ltr'>gnificatione,</span> <span class='ocrx_word' id='word_1_133' title='bbox 294 2053 353 2114; x_wconf 88' lang='lat' dir='ltr'>qua</span> <span class='ocrx_word' id='word_1_134' title='bbox 375 2032 484 2094; x_wconf 89' lang='lat' dir='ltr'>dicitur</span> <span class='ocrx_word' id='word_1_135' title='bbox 505 2032 662 2120; x_wconf 86' lang='lat' dir='ltr'>conficere,</span> <span class='ocrx_word' id='word_1_136' title='bbox 686 2034 776 2096; x_wconf 89' lang='lat' dir='ltr'>ducta</span> <span class='ocrx_word' id='word_1_137' title='bbox 799 2032 997 2094; x_wconf 89' lang='lat' dir='ltr'>translatione</span> <span class='ocrx_word' id='word_1_138' title='bbox 1021 2031 1058 2092; x_wconf 89' lang='lat' dir='ltr'>ab</span> <span class='ocrx_word' id='word_1_139' title='bbox 1080 2050 1185 2111; x_wconf 83' lang='lat' dir='ltr'>opere,</span> <span class='ocrx_word' id='word_1_140' title='bbox 1219 2030 1295 2108; x_wconf 91' lang='lat' dir='ltr'>quod</span> 
     </span>
     <span class='ocr_line' id='line_1_17' title="bbox 68 2131 1295 2216; baseline -0.002 -22"><span class='ocrx_word' id='word_1_141' title='bbox 68 2131 179 2194; x_wconf 87' lang='lat' dir='ltr'>atuarii</span> <span class='ocrx_word' id='word_1_142' title='bbox 210 2134 341 2195; x_wconf 91' lang='lat' dir='ltr'>radendo</span> <span class='ocrx_word' id='word_1_143' title='bbox 374 2134 545 2215; x_wconf 87' lang='lat' dir='ltr'>perpoliunt</span> <span class='ocrx_word' id='word_1_144' title='bbox 571 2143 601 2196; x_wconf 91' lang='lat' dir='ltr'>et</span> <span class='ocrx_word' id='word_1_145' title='bbox 627 2134 797 2197; x_wconf 88' lang='lat' dir='ltr'>absolvunt.</span> <span class='ocrx_word' id='word_1_146' title='bbox 851 2131 1059 2216; x_wconf 77' lang='lat' dir='ltr'>Asseodpyson</span> <span class='ocrx_word' id='word_1_147' title='bbox 1095 2131 1183 2206; x_wconf 88' lang='lat' dir='ltr'>illud,</span> <span class='ocrx_word' id='word_1_148' title='bbox 1217 2131 1295 2210; x_wconf 89' lang='lat' dir='ltr'>quod</span> 
     </span>
     <span class='ocr_line' id='line_1_18' title="bbox 68 2231 1296 2317; baseline -0.002 -23"><span class='ocrx_word' id='word_1_149' title='bbox 68 2252 196 2313; x_wconf 66' lang='lat' dir='ltr'>sperasse</span> <span class='ocrx_word' id='word_1_150' title='bbox 218 2235 309 2296; x_wconf 90' lang='lat' dir='ltr'>Marii</span> <span class='ocrx_word' id='word_1_151' title='bbox 331 2235 426 2297; x_wconf 85' lang='lat' dir='ltr'>Prisci</span> <span class='ocrx_word' id='word_1_152' title='bbox 450 2255 546 2298; x_wconf 85' lang='lat' dir='ltr'>causae</span> <span class='ocrx_word' id='word_1_153' title='bbox 569 2234 701 2316; x_wconf 87' lang='lat' dir='ltr'>proxime</span> <span class='ocrx_word' id='word_1_154' title='bbox 722 2235 902 2317; x_wconf 85' lang='lat' dir='ltr'>scripseram</span> <span class='ocrx_word' id='word_1_155' title='bbox 930 2235 1030 2296; x_wconf 91' lang='lat' dir='ltr'>nescio</span> <span class='ocrx_word' id='word_1_156' title='bbox 1053 2254 1090 2295; x_wconf 89' lang='lat' dir='ltr'>an</span> <span class='ocrx_word' id='word_1_157' title='bbox 1112 2233 1203 2306; x_wconf 89' lang='lat' dir='ltr'>satis,</span> <span class='ocrx_word' id='word_1_158' title='bbox 1236 2231 1296 2293; x_wconf 91' lang='lat' dir='ltr'>cir-</span> 
     </span>
     <span class='ocr_line' id='line_1_19' title="bbox 68 2335 794 2412; baseline 0.006 -17"><span class='ocrx_word' id='word_1_159' title='bbox 68 2335 201 2396; x_wconf 83' lang='lat' dir='ltr'>rmcisum</span> <span class='ocrx_word' id='word_1_160' title='bbox 224 2346 323 2398; x_wconf 92' lang='lat' dir='ltr'>tamen</span> <span class='ocrx_word' id='word_1_161' title='bbox 348 2345 379 2397; x_wconf 96' lang='grc'>11</span> <span class='ocrx_word' id='word_1_162' title='bbox 399 2336 548 2398; x_wconf 61' lang='lat' dir='ltr'>&#39;adra-anm</span> <span class='ocrx_word' id='word_1_163' title='bbox 571 2344 617 2398; x_wconf 91' lang='lat' dir='ltr'>est</span> <span class='ocrx_word' id='word_1_164' title='bbox 641 2339 670 2412; x_wconf 90' lang='grc'>2,</span> <span class='ocrx_word' id='word_1_165' title='bbox 696 2339 743 2412; x_wconf 90' lang='grc'>12,</span> <span class='ocrx_word' id='word_1_166' title='bbox 768 2338 794 2399; x_wconf 97' lang='grc'>1.</span> 
     </span>
    </p>

    <p class='ocr_par' dir='ltr' id='par_1_10' title="bbox 68 2432 1295 2624">
     <span class='ocr_line' id='line_1_20' title="bbox 122 2432 1295 2519; baseline -0.002 -23"><span class='ocrx_word' id='word_1_167' title='bbox 122 2433 278 2498; x_wconf 85' lang='lat' dir='ltr'>Adsistere</span> <span class='ocrx_word' id='word_1_168' title='bbox 299 2455 352 2517; x_wconf 92' lang='lat' dir='ltr'>pro</span> <span class='ocrx_word' id='word_1_169' title='bbox 375 2457 427 2512; x_wconf 89' lang='lat' dir='ltr'>eo,</span> <span class='ocrx_word' id='word_1_170' title='bbox 457 2438 534 2519; x_wconf 93' lang='lat' dir='ltr'>quod</span> <span class='ocrx_word' id='word_1_171' title='bbox 557 2446 605 2499; x_wconf 89' lang='lat' dir='ltr'>est</span> <span class='ocrx_word' id='word_1_172' title='bbox 626 2437 729 2500; x_wconf 86' lang='lat' dir='ltr'>edesse</span> <span class='ocrx_word' id='word_1_173' title='bbox 751 2438 780 2498; x_wconf 93' lang='lat' dir='ltr'>in</span> <span class='ocrx_word' id='word_1_174' title='bbox 800 2436 923 2516; x_wconf 88' lang='lat' dir='ltr'>judicic,</span> <span class='ocrx_word' id='word_1_175' title='bbox 946 2435 1063 2498; x_wconf 85' lang='lat' dir='ltr'>dicitur.</span> <span class='ocrx_word' id='word_1_176' title='bbox 1102 2432 1295 2496; x_wconf 74' lang='lat' dir='ltr'>Adsistebant</span> 
     </span>
     <span class='ocr_line' id='line_1_21' title="bbox 68 2533 750 2624; baseline 0.004 -27"><span class='ocrx_word' id='word_1_177' title='bbox 68 2536 163 2598; x_wconf 78' lang='lat' dir='ltr'>&#39;arena</span> <span class='ocrx_word' id='word_1_178' title='bbox 186 2533 216 2610; x_wconf 90' lang='grc'>7,</span> <span class='ocrx_word' id='word_1_179' title='bbox 238 2534 268 2611; x_wconf 94' lang='grc'>6,</span> <span class='ocrx_word' id='word_1_180' title='bbox 290 2538 318 2600; x_wconf 89' lang='grc'>3.</span> <span class='ocrx_word' id='word_1_181' title='bbox 345 2539 393 2610; x_wconf 94' lang='grc'>10,</span> <span class='ocrx_word' id='word_1_182' title='bbox 415 2538 454 2600; x_wconf 91' lang='grc'>81</span> <span class='ocrx_word' id='word_1_183' title='bbox 479 2533 561 2622; x_wconf 87' lang='lat'>(85),</span> <span class='ocrx_word' id='word_1_184' title='bbox 586 2538 611 2599; x_wconf 88' lang='grc'>1.</span> <span class='ocrx_word' id='word_1_185' title='bbox 639 2535 750 2624; x_wconf 89' lang='lat' dir='ltr'>(Dig.).</span> 
     </span>
    </p>

    <p class='ocr_par' dir='ltr' id='par_1_11' title="bbox 68 2632 1296 3327">
     <span class='ocr_line' id='line_1_22' title="bbox 123 2632 1296 2720; baseline -0.002 -22"><span class='ocrx_word' id='word_1_186' title='bbox 123 2632 299 2720; x_wconf 80' lang='lat' dir='ltr'>Consedere.</span> <span class='ocrx_word' id='word_1_187' title='bbox 343 2639 411 2701; x_wconf 85' lang='lat' dir='ltr'>Hac</span> <span class='ocrx_word' id='word_1_188' title='bbox 438 2657 509 2700; x_wconf 90' lang='lat' dir='ltr'>voce</span> <span class='ocrx_word' id='word_1_189' title='bbox 530 2638 645 2700; x_wconf 89' lang='lat' dir='ltr'>Plinius</span> <span class='ocrx_word' id='word_1_190' title='bbox 667 2659 738 2701; x_wconf 91' lang='lat' dir='ltr'>usus</span> <span class='ocrx_word' id='word_1_191' title='bbox 761 2649 808 2701; x_wconf 89' lang='lat' dir='ltr'>est</span> <span class='ocrx_word' id='word_1_192' title='bbox 828 2641 865 2702; x_wconf 92' lang='lat' dir='ltr'>de</span> <span class='ocrx_word' id='word_1_193' title='bbox 888 2638 1003 2712; x_wconf 88' lang='lat' dir='ltr'>verbis,</span> <span class='ocrx_word' id='word_1_194' title='bbox 1035 2657 1099 2719; x_wconf 89' lang='lat' dir='ltr'>quae</span> <span class='ocrx_word' id='word_1_195' title='bbox 1126 2636 1210 2718; x_wconf 86' lang='lat' dir='ltr'>signo</span> <span class='ocrx_word' id='word_1_196' title='bbox 1240 2655 1296 2716; x_wconf 82' lang='lat' dir='ltr'>ap-</span> 
     </span>
     <span class='ocr_line' id='line_1_23' title="bbox 68 2735 1294 2818; baseline -0.002 -18"><span class='ocrx_word' id='word_1_197' title='bbox 68 2738 138 2800; x_wconf 83' lang='grc'>11110</span> <span class='ocrx_word' id='word_1_198' title='bbox 162 2738 289 2800; x_wconf 88' lang='lat' dir='ltr'>delenda</span> <span class='ocrx_word' id='word_1_199' title='bbox 317 2748 370 2801; x_wconf 93' lang='lat' dir='ltr'>aut</span> <span class='ocrx_word' id='word_1_200' title='bbox 392 2740 564 2818; x_wconf 90' lang='lat' dir='ltr'>corrigenda</span> <span class='ocrx_word' id='word_1_201' title='bbox 586 2760 651 2802; x_wconf 92' lang='lat' dir='ltr'>esse</span> <span class='ocrx_word' id='word_1_202' title='bbox 673 2741 852 2803; x_wconf 87' lang='lat' dir='ltr'>indicantur.</span> <span class='ocrx_word' id='word_1_203' title='bbox 897 2739 1126 2804; x_wconf 79' lang='lat' dir='ltr'>’&#39;Gubernacula</span> <span class='ocrx_word' id='word_1_204' title='bbox 1154 2735 1294 2818; x_wconf 88' lang='lat' dir='ltr'>gemunt”</span> 
     </span>
     <span class='ocr_line' id='line_1_24' title="bbox 68 2839 1294 2923; baseline 0.002 -25"><span class='ocrx_word' id='word_1_205' title='bbox 68 2861 72 2898; x_wconf 47' lang='lat'>¹.</span> <span class='ocrx_word' id='word_1_206' title='bbox 104 2839 170 2899; x_wconf 91' lang='lat' dir='ltr'>”dis</span> <span class='ocrx_word' id='word_1_207' title='bbox 203 2840 293 2901; x_wconf 88' lang='lat' dir='ltr'>maris</span> <span class='ocrx_word' id='word_1_208' title='bbox 323 2841 495 2920; x_wconf 69' lang='lat' dir='ltr'>proximus*</span> <span class='ocrx_word' id='word_1_209' title='bbox 527 2841 622 2902; x_wconf 86' lang='lat' dir='ltr'>isdem</span> <span class='ocrx_word' id='word_1_210' title='bbox 652 2842 730 2902; x_wconf 91' lang='lat' dir='ltr'>notis</span> <span class='ocrx_word' id='word_1_211' title='bbox 764 2843 872 2923; x_wconf 91' lang='lat' dir='ltr'>quibus</span> <span class='ocrx_word' id='word_1_212' title='bbox 905 2862 941 2903; x_wconf 89' lang='lat' dir='ltr'>ea</span> <span class='ocrx_word' id='word_1_213' title='bbox 971 2843 1006 2903; x_wconf 94' lang='lat' dir='ltr'>de</span> <span class='ocrx_word' id='word_1_214' title='bbox 1040 2841 1147 2923; x_wconf 89' lang='lat' dir='ltr'>quibus</span> <span class='ocrx_word' id='word_1_215' title='bbox 1179 2839 1294 2912; x_wconf 88' lang='lat' dir='ltr'>scribo,</span> 
     </span>
     <span class='ocr_line' id='line_1_25' title="bbox 68 2937 1294 3025; baseline 0.002 -26"><span class='ocrx_word' id='word_1_216' title='bbox 68 2937 196 3017; x_wconf 72' lang='lat' dir='ltr'>rnfodt&#39;as</span> <span class='ocrx_word' id='word_1_217' title='bbox 223 2940 326 3016; x_wconf 84' lang='lat'>9‚26,</span> <span class='ocrx_word' id='word_1_218' title='bbox 351 2942 398 3004; x_wconf 89' lang='grc'>13.</span> <span class='ocrx_word' id='word_1_219' title='bbox 432 2939 653 3025; x_wconf 73' lang='grc'>(0111115,</span> <span class='ocrx_word' id='word_1_220' title='bbox 677 2942 726 3016; x_wconf 94' lang='lat' dir='ltr'>ll,</span> <span class='ocrx_word' id='word_1_221' title='bbox 751 2943 797 3004; x_wconf 83' lang='lat'>12.</span> <span class='ocrx_word' id='word_1_222' title='bbox 845 2941 926 3005; x_wconf 86' lang='lat' dir='ltr'>&#39;’Eos</span> <span class='ocrx_word' id='word_1_223' title='bbox 954 2951 1001 3004; x_wconf 90' lang='lat' dir='ltr'>tot</span> <span class='ocrx_word' id='word_1_224' title='bbox 1027 2941 1149 3022; x_wconf 88' lang='lat' dir='ltr'>judiciis</span> <span class='ocrx_word' id='word_1_225' title='bbox 1171 2940 1294 3002; x_wconf 84' lang='lat' dir='ltr'>confos-</span> 
     </span>
     <span class='ocr_line' id='line_1_26' title="bbox 68 3040 1295 3125; baseline 0.001 -25"><span class='ocrx_word' id='word_1_226' title='bbox 68 3061 89 3102; x_wconf 81' lang='grc'>11</span> <span class='ocrx_word' id='word_1_227' title='bbox 123 3040 223 3103; x_wconf 90' lang='lat' dir='ltr'>venire</span> <span class='ocrx_word' id='word_1_228' title='bbox 256 3042 295 3103; x_wconf 88' lang='lat' dir='ltr'>ad</span> <span class='ocrx_word' id='word_1_229' title='bbox 327 3042 428 3123; x_wconf 90' lang='lat' dir='ltr'>populi</span> <span class='ocrx_word' id='word_1_230' title='bbox 456 3043 631 3120; x_wconf 89' lang='lat' dir='ltr'>judicium’&#39;‚</span> <span class='ocrx_word' id='word_1_231' title='bbox 665 3063 844 3125; x_wconf 87' lang='lat' dir='ltr'>quamquam</span> <span class='ocrx_word' id='word_1_232' title='bbox 872 3044 913 3105; x_wconf 91' lang='lat' dir='ltr'>ibi</span> <span class='ocrx_word' id='word_1_233' title='bbox 947 3051 1053 3123; x_wconf 88' lang='lat' dir='ltr'>aperta</span> <span class='ocrx_word' id='word_1_234' title='bbox 1085 3051 1132 3104; x_wconf 90' lang='lat' dir='ltr'>ast</span> <span class='ocrx_word' id='word_1_235' title='bbox 1158 3040 1295 3104; x_wconf 87' lang='lat' dir='ltr'>transla-</span> 
     </span>
     <span class='ocr_line' id='line_1_27' title="bbox 68 3141 1295 3225; baseline 0 -22"><span class='ocrx_word' id='word_1_236' title='bbox 68 3163 91 3204; x_wconf 91' lang='lat' dir='ltr'>o.</span> <span class='ocrx_word' id='word_1_237' title='bbox 135 3141 263 3223; x_wconf 87' lang='lat' dir='ltr'>Propria</span> <span class='ocrx_word' id='word_1_238' title='bbox 292 3143 510 3224; x_wconf 87' lang='lat' dir='ltr'>significatione</span> <span class='ocrx_word' id='word_1_239' title='bbox 532 3153 563 3205; x_wconf 88' lang='lat' dir='ltr'>ct</span> <span class='ocrx_word' id='word_1_240' title='bbox 583 3164 636 3225; x_wconf 92' lang='lat' dir='ltr'>pro</span> <span class='ocrx_word' id='word_1_241' title='bbox 659 3164 711 3219; x_wconf 89' lang='lat' dir='ltr'>eo,</span> <span class='ocrx_word' id='word_1_242' title='bbox 744 3147 822 3225; x_wconf 91' lang='lat' dir='ltr'>quod</span> <span class='ocrx_word' id='word_1_243' title='bbox 850 3155 896 3207; x_wconf 89' lang='lat' dir='ltr'>est</span> <span class='ocrx_word' id='word_1_244' title='bbox 917 3145 1109 3224; x_wconf 87' lang='lat' dir='ltr'>transfigere,</span> <span class='ocrx_word' id='word_1_245' title='bbox 1142 3163 1198 3204; x_wconf 84' lang='lat' dir='ltr'>usu</span> <span class='ocrx_word' id='word_1_246' title='bbox 1220 3143 1295 3204; x_wconf 89' lang='lat' dir='ltr'>satis</span> 
     </span>
     <span class='ocr_line' id='line_1_28' title="bbox 68 3240 239 3327; baseline 0 -23"><span class='ocrx_word' id='word_1_247' title='bbox 68 3243 145 3305; x_wconf 91' lang='lat' dir='ltr'>itum</span> <span class='ocrx_word' id='word_1_248' title='bbox 168 3240 239 3327; x_wconf 91' lang='lat' dir='ltr'>est).</span> 
     </span>
    </p>

    <p class='ocr_par' dir='ltr' id='par_1_12' title="bbox 124 3341 1295 3428">
     <span class='ocr_line' id='line_1_29' title="bbox 124 3341 1295 3428; baseline 0.002 -22"><span class='ocrx_word' id='word_1_249' title='bbox 124 3341 337 3428; x_wconf 80' lang='lat' dir='ltr'>Destrinpere,</span> <span class='ocrx_word' id='word_1_250' title='bbox 359 3365 419 3427; x_wconf 91' lang='lat' dir='ltr'>qua</span> <span class='ocrx_word' id='word_1_251' title='bbox 440 3365 512 3409; x_wconf 89' lang='lat' dir='ltr'>voce</span> <span class='ocrx_word' id='word_1_252' title='bbox 533 3347 653 3427; x_wconf 89' lang='lat' dir='ltr'>propria</span> <span class='ocrx_word' id='word_1_253' title='bbox 673 3346 888 3426; x_wconf 86' lang='lat' dir='ltr'>significatione</span> <span class='ocrx_word' id='word_1_254' title='bbox 908 3345 971 3424; x_wconf 88' lang='lat' dir='ltr'>jam</span> <span class='ocrx_word' id='word_1_255' title='bbox 994 3346 1071 3410; x_wconf 81' lang='lat' dir='ltr'>Cato</span> <span class='ocrx_word' id='word_1_256' title='bbox 1094 3365 1165 3408; x_wconf 89' lang='lat' dir='ltr'>usus</span> <span class='ocrx_word' id='word_1_257' title='bbox 1180 3352 1227 3408; x_wconf 90' lang='lat' dir='ltr'>est</span> <span class='ocrx_word' id='word_1_258' title='bbox 1242 3365 1295 3426; x_wconf 88' lang='lat' dir='ltr'>pro</span> 
     </span>
    </p>
   </div>
   <div class='ocr_carea' id='block_1_5' title="bbox 68 3445 1425 3528">
    <p class='ocr_par' dir='ltr' id='par_1_13' title="bbox 68 3445 1425 3528">
     <span class='ocr_line' id='line_1_30' title="bbox 68 3445 1425 3528; baseline 0.001 -22"><span class='ocrx_word' id='word_1_259' title='bbox 68 3465 91 3520; x_wconf 88' lang='grc'>1,</span> <span class='ocrx_word' id='word_1_260' title='bbox 115 3445 195 3528; x_wconf 92' lang='lat' dir='ltr'>quod</span> <span class='ocrx_word' id='word_1_261' title='bbox 217 3454 265 3508; x_wconf 88' lang='lat' dir='ltr'>est</span> <span class='ocrx_word' id='word_1_262' title='bbox 286 3447 458 3526; x_wconf 87' lang='lat' dir='ltr'>stringendo</span> <span class='ocrx_word' id='word_1_263' title='bbox 482 3447 654 3522; x_wconf 85' lang='lat' dir='ltr'>detrahere,</span> <span class='ocrx_word' id='word_1_264' title='bbox 678 3448 852 3528; x_wconf 82' lang='lat' dir='ltr'>decerpere,</span> <span class='ocrx_word' id='word_1_265' title='bbox 875 3448 1022 3522; x_wconf 87' lang='lat' dir='ltr'>avellere,</span> <span class='ocrx_word' id='word_1_266' title='bbox 1044 3447 1159 3509; x_wconf 90' lang='lat' dir='ltr'>Plinius</span> <span class='ocrx_word' id='word_1_267' title='bbox 1181 3447 1296 3527; x_wconf 90' lang='lat' dir='ltr'>primus</span> <span class='ocrx_word' id='word_1_268' title='bbox 1411 3463 1425 3476; x_wconf 85' lang='lat'>·</span> 
     </span>
    </p>
   </div>
   <div class='ocr_carea' id='block_1_6' title="bbox 68 3547 1299 4742">
    <p class='ocr_par' dir='ltr' id='par_1_14' title="bbox 68 3547 1297 4133">
     <span class='ocr_line' id='line_1_31' title="bbox 68 3547 1294 3630; baseline 0.001 -22"><span class='ocrx_word' id='word_1_269' title='bbox 68 3553 76 3623; x_wconf 86' lang='grc'>)</span> <span class='ocrx_word' id='word_1_270' title='bbox 110 3565 162 3626; x_wconf 89' lang='lat' dir='ltr'>per</span> <span class='ocrx_word' id='word_1_271' title='bbox 188 3547 419 3614; x_wconf 84' lang='lat' dir='ltr'>translationem</span> <span class='ocrx_word' id='word_1_272' title='bbox 445 3549 546 3628; x_wconf 87' lang='lat' dir='ltr'>posuit</span> <span class='ocrx_word' id='word_1_273' title='bbox 578 3549 683 3610; x_wconf 88' lang='lat' dir='ltr'>eadem</span> <span class='ocrx_word' id='word_1_274' title='bbox 722 3550 781 3610; x_wconf 83' lang='lat' dir='ltr'>fere</span> <span class='ocrx_word' id='word_1_275' title='bbox 812 3548 1044 3628; x_wconf 87' lang='lat' dir='ltr'>significatione,</span> <span class='ocrx_word' id='word_1_276' title='bbox 1078 3569 1137 3630; x_wconf 88' lang='lat' dir='ltr'>qua</span> <span class='ocrx_word' id='word_1_277' title='bbox 1169 3547 1294 3611; x_wconf 89' lang='lat' dir='ltr'>demere.</span> 
     </span>
     <span class='ocr_line' id='line_1_32' title="bbox 68 3648 1296 3734; baseline -0.004 -19"><span class='ocrx_word' id='word_1_278' title='bbox 68 3655 165 3715; x_wconf 78' lang='lat' dir='ltr'>‚nanto</span> <span class='ocrx_word' id='word_1_279' title='bbox 199 3668 264 3710; x_wconf 90' lang='lat' dir='ltr'>cum</span> <span class='ocrx_word' id='word_1_280' title='bbox 297 3649 397 3711; x_wconf 90' lang='lat' dir='ltr'>dolore</span> <span class='ocrx_word' id='word_1_281' title='bbox 426 3649 516 3711; x_wconf 89' lang='lat' dir='ltr'>laturi</span> <span class='ocrx_word' id='word_1_282' title='bbox 539 3648 673 3711; x_wconf 89' lang='lat' dir='ltr'>homines</span> <span class='ocrx_word' id='word_1_283' title='bbox 696 3658 798 3711; x_wconf 90' lang='lat' dir='ltr'>essent</span> <span class='ocrx_word' id='word_1_284' title='bbox 819 3649 965 3734; x_wconf 78' lang='lat' dir='ltr'>destrinpt&#39;</span> <span class='ocrx_word' id='word_1_285' title='bbox 998 3650 1110 3732; x_wconf 88' lang='lat' dir='ltr'>aliquid</span> <span class='ocrx_word' id='word_1_286' title='bbox 1138 3658 1169 3712; x_wconf 93' lang='lat' dir='ltr'>et</span> <span class='ocrx_word' id='word_1_287' title='bbox 1191 3649 1296 3712; x_wconf 87' lang='lat' dir='ltr'>abradi</span> 
     </span>
     <span class='ocr_line' id='line_1_33' title="bbox 68 3743 1296 3836; baseline 0.001 -26"><span class='ocrx_word' id='word_1_288' title='bbox 68 3749 129 3810; x_wconf 80' lang='lat' dir='ltr'>anis</span> <span class='ocrx_word' id='word_1_289' title='bbox 162 3743 317 3825; x_wconf 83' lang='grc' dir='ltr'>Ρ11.37;</span> <span class='ocrx_word' id='word_1_290' title='bbox 349 3747 385 3834; x_wconf 91' lang='grc'>2)</span> <span class='ocrx_word' id='word_1_291' title='bbox 408 3750 511 3812; x_wconf 87' lang='lat' dir='ltr'>eadem</span> <span class='ocrx_word' id='word_1_292' title='bbox 533 3771 557 3812; x_wconf 87' lang='lat' dir='ltr'>s.</span> <span class='ocrx_word' id='word_1_293' title='bbox 580 3770 606 3831; x_wconf 92' lang='lat' dir='ltr'>q.</span> <span class='ocrx_word' id='word_1_294' title='bbox 629 3750 789 3835; x_wconf 73' lang='lat' dir='ltr'>defricare.</span> <span class='ocrx_word' id='word_1_295' title='bbox 833 3753 912 3813; x_wconf 93' lang='lat' dir='ltr'>Dum</span> <span class='ocrx_word' id='word_1_296' title='bbox 935 3751 1132 3836; x_wconf 81' lang='lat' dir='ltr'>destrinpitnr</span> <span class='ocrx_word' id='word_1_297' title='bbox 1153 3749 1296 3832; x_wconf 89' lang='lat' dir='ltr'>tergitur-</span> 
     </span>
     <span class='ocr_line' id='line_1_34' title="bbox 68 3849 1297 3936; baseline 0.001 -24"><span class='ocrx_word' id='word_1_298' title='bbox 68 3869 112 3924; x_wconf 86' lang='lat' dir='ltr'>ue,</span> <span class='ocrx_word' id='word_1_299' title='bbox 141 3850 283 3912; x_wconf 84' lang='lat' dir='ltr'>audiebat</span> <span class='ocrx_word' id='word_1_300' title='bbox 310 3849 421 3932; x_wconf 87' lang='lat' dir='ltr'>aliquid</span> <span class='ocrx_word' id='word_1_301' title='bbox 443 3860 497 3912; x_wconf 88' lang='lat' dir='ltr'>aut</span> <span class='ocrx_word' id='word_1_302' title='bbox 519 3852 655 3913; x_wconf 88' lang='lat' dir='ltr'>dictabat</span> <span class='ocrx_word' id='word_1_303' title='bbox 677 3853 705 3926; x_wconf 90' lang='grc'>3,</span> <span class='ocrx_word' id='word_1_304' title='bbox 728 3852 757 3924; x_wconf 92' lang='grc'>5,</span> <span class='ocrx_word' id='word_1_305' title='bbox 781 3852 828 3913; x_wconf 81' lang='lat'>14.</span> <span class='ocrx_word' id='word_1_306' title='bbox 852 3850 947 3934; x_wconf 89' lang='lat' dir='ltr'>(Plio.</span> <span class='ocrx_word' id='word_1_307' title='bbox 971 3852 1041 3932; x_wconf 88' lang='lat' dir='ltr'>maj.</span> <span class='ocrx_word' id='word_1_308' title='bbox 1065 3850 1180 3936; x_wconf 84' lang='lat' dir='ltr'>Mart).</span> <span class='ocrx_word' id='word_1_309' title='bbox 1231 3851 1297 3914; x_wconf 90' lang='lat' dir='ltr'>No·</span> 
     </span>
     <span class='ocr_line' id='line_1_35' title="bbox 68 3951 1295 4033; baseline 0.002 -22"><span class='ocrx_word' id='word_1_310' title='bbox 68 3971 106 4012; x_wconf 88' lang='lat' dir='ltr'>rm</span> <span class='ocrx_word' id='word_1_311' title='bbox 130 3951 266 4012; x_wconf 91' lang='lat' dir='ltr'>omnibus</span> <span class='ocrx_word' id='word_1_312' title='bbox 288 3960 335 4013; x_wconf 91' lang='lat' dir='ltr'>est</span> <span class='ocrx_word' id='word_1_313' title='bbox 357 3951 435 4032; x_wconf 90' lang='lat' dir='ltr'>apud</span> <span class='ocrx_word' id='word_1_314' title='bbox 459 3953 587 4032; x_wconf 89' lang='lat' dir='ltr'>optimos</span> <span class='ocrx_word' id='word_1_315' title='bbox 609 3951 768 4033; x_wconf 89' lang='lat' dir='ltr'>scriptores</span> <span class='ocrx_word' id='word_1_316' title='bbox 791 3952 1017 4016; x_wconf 87' lang='lat' dir='ltr'>usitatissimam</span> <span class='ocrx_word' id='word_1_317' title='bbox 1034 3973 1098 4016; x_wconf 90' lang='lat' dir='ltr'>esse</span> <span class='ocrx_word' id='word_1_318' title='bbox 1115 3952 1295 4016; x_wconf 89' lang='lat' dir='ltr'>locutionem</span> 
     </span>
     <span class='ocr_line' id='line_1_36' title="bbox 68 4051 548 4133; baseline 0.004 -21"><span class='ocrx_word' id='word_1_319' title='bbox 68 4051 142 4113; x_wconf 87' lang='lat' dir='ltr'>lam:</span> <span class='ocrx_word' id='word_1_320' title='bbox 165 4051 313 4132; x_wconf 83' lang='lat' dir='ltr'>”gladium</span> <span class='ocrx_word' id='word_1_321' title='bbox 337 4053 548 4133; x_wconf 86' lang='lat' dir='ltr'>destringere.&#39;&#39;</span> 
     </span>
    </p>

    <p class='ocr_par' dir='ltr' id='par_1_15' title="bbox 68 4149 1299 4742">
     <span class='ocr_line' id='line_1_37' title="bbox 126 4149 1297 4236; baseline 0.003 -22"><span class='ocrx_word' id='word_1_322' title='bbox 126 4149 324 4228; x_wconf 82' lang='lat' dir='ltr'>Enscribere,</span> <span class='ocrx_word' id='word_1_323' title='bbox 345 4154 422 4234; x_wconf 93' lang='lat' dir='ltr'>quod</span> <span class='ocrx_word' id='word_1_324' title='bbox 444 4155 561 4234; x_wconf 90' lang='lat' dir='ltr'>proprie</span> <span class='ocrx_word' id='word_1_325' title='bbox 583 4153 732 4234; x_wconf 87' lang='lat' dir='ltr'>significat</span> <span class='ocrx_word' id='word_1_326' title='bbox 754 4154 789 4216; x_wconf 94' lang='lat' dir='ltr'>de</span> <span class='ocrx_word' id='word_1_327' title='bbox 812 4154 976 4236; x_wconf 86' lang='lat' dir='ltr'>exemplari</span> <span class='ocrx_word' id='word_1_328' title='bbox 998 4154 1098 4236; x_wconf 88' lang='lat' dir='ltr'>aliquo</span> <span class='ocrx_word' id='word_1_329' title='bbox 1114 4153 1225 4235; x_wconf 90' lang='lat' dir='ltr'>aliquid</span> <span class='ocrx_word' id='word_1_330' title='bbox 1244 4155 1297 4217; x_wconf 89' lang='lat' dir='ltr'>de·</span> 
     </span>
     <span class='ocr_line' id='line_1_38' title="bbox 68 4253 1298 4340; baseline 0.002 -25"><span class='ocrx_word' id='word_1_331' title='bbox 68 4253 191 4326; x_wconf 75' lang='lat' dir='ltr'>albere,</span> <span class='ocrx_word' id='word_1_332' title='bbox 212 4253 326 4316; x_wconf 89' lang='lat' dir='ltr'>Plinius</span> <span class='ocrx_word' id='word_1_333' title='bbox 348 4253 448 4334; x_wconf 91' lang='lat' dir='ltr'>posuit</span> <span class='ocrx_word' id='word_1_334' title='bbox 468 4263 499 4317; x_wconf 93' lang='lat' dir='ltr'>et</span> <span class='ocrx_word' id='word_1_335' title='bbox 519 4274 571 4334; x_wconf 92' lang='lat' dir='ltr'>pro</span> <span class='ocrx_word' id='word_1_336' title='bbox 594 4274 643 4329; x_wconf 93' lang='lat' dir='ltr'>ec,</span> <span class='ocrx_word' id='word_1_337' title='bbox 665 4255 743 4336; x_wconf 91' lang='lat' dir='ltr'>quod</span> <span class='ocrx_word' id='word_1_338' title='bbox 767 4265 814 4318; x_wconf 84' lang='lat' dir='ltr'>est</span> <span class='ocrx_word' id='word_1_339' title='bbox 832 4255 986 4340; x_wconf 81' lang='lat' dir='ltr'>piapendo</span> <span class='ocrx_word' id='word_1_340' title='bbox 1005 4254 1168 4337; x_wconf 77' lang='lat' dir='ltr'>inrupissent</span> <span class='ocrx_word' id='word_1_341' title='bbox 1184 4255 1298 4320; x_wconf 83' lang='lat' dir='ltr'>deseri-</span> 
     </span>
     <span class='ocr_line' id='line_1_39' title="bbox 68 4353 1299 4440; baseline 0.003 -24"><span class='ocrx_word' id='word_1_342' title='bbox 68 4375 128 4429; x_wconf 85' lang='lat' dir='ltr'>rre,·</span> <span class='ocrx_word' id='word_1_343' title='bbox 161 4354 244 4417; x_wconf 88' lang='lat' dir='ltr'>Petit</span> <span class='ocrx_word' id='word_1_344' title='bbox 265 4353 441 4440; x_wconf 88' lang='lat' dir='ltr'>(imagines)</span> <span class='ocrx_word' id='word_1_345' title='bbox 463 4353 674 4418; x_wconf 74' lang='lat' dir='ltr'>adscribendus</span> <span class='ocrx_word' id='word_1_346' title='bbox 696 4357 918 4439; x_wconf 85' lang='lat' dir='ltr'>pingendasque</span> <span class='ocrx_word' id='word_1_347' title='bbox 940 4357 1072 4436; x_wconf 90' lang='lat' dir='ltr'>delegem</span> <span class='ocrx_word' id='word_1_348' title='bbox 1095 4357 1124 4430; x_wconf 81' lang='lat'>4,</span> <span class='ocrx_word' id='word_1_349' title='bbox 1145 4355 1195 4430; x_wconf 90' lang='grc'>28,</span> <span class='ocrx_word' id='word_1_350' title='bbox 1219 4357 1246 4431; x_wconf 93' lang='lat' dir='ltr'>l,</span> <span class='ocrx_word' id='word_1_351' title='bbox 1268 4365 1299 4420; x_wconf 90' lang='lat' dir='ltr'>et</span> 
     </span>
     <span class='ocr_line' id='line_1_40' title="bbox 68 4454 1298 4546; baseline 0.003 -30"><span class='ocrx_word' id='word_1_352' title='bbox 68 4475 96 4516; x_wconf 90' lang='lat' dir='ltr'>er</span> <span class='ocrx_word' id='word_1_353' title='bbox 118 4454 348 4517; x_wconf 85' lang='lat' dir='ltr'>translationem</span> <span class='ocrx_word' id='word_1_354' title='bbox 371 4475 424 4536; x_wconf 87' lang='lat' dir='ltr'>pro</span> <span class='ocrx_word' id='word_1_355' title='bbox 445 4476 496 4529; x_wconf 88' lang='lat' dir='ltr'>eo,</span> <span class='ocrx_word' id='word_1_356' title='bbox 523 4457 600 4538; x_wconf 92' lang='lat' dir='ltr'>quod</span> <span class='ocrx_word' id='word_1_357' title='bbox 623 4464 670 4518; x_wconf 90' lang='lat' dir='ltr'>est</span> <span class='ocrx_word' id='word_1_358' title='bbox 692 4457 869 4546; x_wconf 68' lang='lat' dir='ltr'>eaprinqere,</span> <span class='ocrx_word' id='word_1_359' title='bbox 896 4455 1047 4544; x_wconf 72' lang='lat' dir='ltr'>effinpera</span> <span class='ocrx_word' id='word_1_360' title='bbox 1075 4457 1190 4540; x_wconf 75' lang='lat' dir='ltr'>referre</span> <span class='ocrx_word' id='word_1_361' title='bbox 1218 4458 1298 4522; x_wconf 82' lang='lat' dir='ltr'>insa-</span> 
     </span>
     <span class='ocr_line' id='line_1_41' title="bbox 68 4553 1299 4639; baseline 0.007 -23"><span class='ocrx_word' id='word_1_362' title='bbox 68 4554 157 4630; x_wconf 87' lang='lat' dir='ltr'>inem,</span> <span class='ocrx_word' id='word_1_363' title='bbox 189 4553 425 4619; x_wconf 81' lang='lat' dir='ltr'>similitudinem</span> <span class='ocrx_word' id='word_1_364' title='bbox 448 4559 583 4638; x_wconf 88' lang='lat' dir='ltr'>alicujus.</span> <span class='ocrx_word' id='word_1_365' title='bbox 627 4559 736 4620; x_wconf 89' lang='lat' dir='ltr'>Totum</span> <span class='ocrx_word' id='word_1_366' title='bbox 769 4568 885 4639; x_wconf 89' lang='lat' dir='ltr'>patrem</span> <span class='ocrx_word' id='word_1_367' title='bbox 918 4557 990 4619; x_wconf 87' lang='lat' dir='ltr'>mira</span> <span class='ocrx_word' id='word_1_368' title='bbox 1024 4557 1217 4622; x_wconf 88' lang='lat' dir='ltr'>similitudine</span> <span class='ocrx_word' id='word_1_369' title='bbox 1245 4582 1299 4625; x_wconf 81' lang='lat' dir='ltr'>ee-</span> 
     </span>
     <span class='ocr_line' id='line_1_42' title="bbox 68 4655 1040 4742; baseline 0.005 -23"><span class='ocrx_word' id='word_1_370' title='bbox 68 4656 209 4742; x_wconf 68' lang='grc'>11111111</span> <span class='ocrx_word' id='word_1_371' title='bbox 230 4657 260 4731; x_wconf 93' lang='grc'>5,</span> <span class='ocrx_word' id='word_1_372' title='bbox 284 4655 332 4734; x_wconf 92' lang='grc'>16,</span> <span class='ocrx_word' id='word_1_373' title='bbox 354 4655 383 4720; x_wconf 89' lang='grc'>9.</span> <span class='ocrx_word' id='word_1_374' title='bbox 1039 4659 1040 4664; x_wconf 65' lang='grc'>’</span> 
     </span>
    </p>
   </div>
   <div class='ocr_carea' id='block_1_7' title="bbox 0 0 1618 5332">
    <p class='ocr_par' dir='ltr' id='par_1_16' title="bbox 0 0 1618 5332">
     <span class='ocr_line' id='line_1_43' title="bbox 0 0 1618 5332; baseline 0 0"><span class='ocrx_word' id='word_1_375' title='bbox 0 0 1618 5332; x_wconf 95' lang='lat' dir='ltr'> </span> 
     </span>
    </p>
   </div>
  </div>
 </body>
</html>
