3226 5332
334 458 375 513 De
397 458 458 514 vita
479 462 508 514 et
530 459 685 516 elocutione
708 459 737 514 0.
760 457 845 514 Plinii
867 458 970 515 Caecilii
991 457 1118 514 Secundi.
1296 449 1353 507 141

186 627 354 694 Resoloere.
398 632 558 693 Poetarum
581 651 662 693 more
684 631 800 693 Plinius
822 631 914 693 dixit:
936 634 1100 694 Frenatam
1121 636 1169 692 tot
1190 627 1277 690 malis
1299 625 1357 688 liu-

105 749 193 811 guam
215 731 390 795 resolvimus
411 733 488 794 Pan.
511 731 561 794 66.
583 731 688 815 (Verg.
712 731 767 795 Ov.
791 731 894 814 post).

186 845 360 911 Resorbere.
389 850 488 912 ‘Mare
510 849 539 911 iu
561 869 593 911 se
613 849 763 912 resorberi
783 849 957 912 videbamus
978 849 1008 925 6,
1025 850 1075 924 20,
1092 849 1121 912 9.
1144 849 1208 912 cfr.
1225 845 1255 920 4,
1266 845 1317 920 30,
1327 839 1357 906 7.

104 948 208 1033 (Luor.
230 951 321 1030 Verg.
343 949 398 1013 Ov.
422 951 496 1012 Hor.
518 948 619 1034 post).
969 949 972 958 ’

186 1065 350 1130 Resumere
382 1068 460 1148 apud
492 1068 624 1129 Plinium
652 1076 682 1129 et
711 1067 829 1148 proprie
852 1075 882 1128 et
904 1086 957 1146 per
978 1065 1205 1128 translationem
1228 1065 1358 1146 ponitur.

103 1169 194 1230 Modo
225 1177 389 1248 praetextas
422 1177 581 1244 exuerant3
613 1178 768 1231 resumaut
790 1169 865 1230 Pan.
889 1167 939 1230 6l.
983 1165 1062 1236 Quin
1086 1166 1246 1246 pugillares
1273 1187 1359 1228 resu-

104 1264 181 1330 mis?
213 1264 243 1343 7,
271 1268 301 1342 9,
329 1268 376 1330 16.
419 1268 513 1351 (Eun.
541 1290 588 1350 ap.
617 1269 708 1332 Varr.
738 1269 795 1331 Ov.
824 1265 928 1352 post).
984 1267 1197 1330 Dulcissimam
1236 1275 1358 1328 aetatem

104 1371 192 1450 quasi
214 1389 331 1434 resumo
353 1371 383 1444 2,
408 1368 456 1444 18,
482 1371 506 1432 1.
529 1369 559 1445 4,
581 1368 610 1445 9,
635 1371 682 1433 ll.
705 1371 735 1445 4,
760 1372 808 1444 13,
830 1371 859 1433 2.
883 1370 912 1444 5,
935 1367 964 1443 6,
989 1371 1036 1430 12.
1058 1363 1089 1442 7,
1112 1367 1142 1442 9,
1165 1365 1193 1429 6.
1215 1368 1292 1430 Ρο0.
1308 1365 1358 1430 66.

101 1465 150 1533 79.
174 1469 247 1555 (Ov.
271 1467 376 1554 post).

185 1586 346 1652 Reuooare.
390 1589 555 1668 Postquam
578 1595 674 1668 podtae
696 1589 774 1650 haue
797 1607 899 1650 vocem
921 1588 959 1649 de
982 1587 1071 1649 rebus
1087 1586 1273 1665 frequentare
1288 1605 1358 1648 aoe-

102 1698 226 1770 0011101,
254 1689 371 1751 Plinius
400 1689 490 1750 dixit:
517 1689 656 1752 Pecuniae
679 1709 754 1770 quas
777 1688 971 1751 oreditoribus
993 1688 1126 1751 solverat
1146 1696 1358 1748 revocarentur

102 1790 131 1863 3,
152 1790 182 1866 9,
205 1786 252 1852 17.
277 1790 325 1864 10,
343 1783 381 1851 17
396 1785 479 1873 (28),
493 1787 522 1850 5.
548 1791 594 1864 10,
617 1791 656 1851 23
672 1788 755 1875 (34),
770 1793 800 1851 2.
823 1788 922 1875 (Suet.
944 1789 1015 1852 Ner.
1037 1789 1088 1850 32.
1110 1787 1160 1849 44.
1184 1785 1275 1850 Galb.
1294 1788 1356 1872 15).

184 1905 347 1996 Revolvere
372 1907 409 1968 de
437 1906 512 1970 libro
539 1897 651 1968 dietum
680 1907 699 1969 i.
721 1927 744 1969 s.
768 1927 795 1988 q.
817 1905 956 1981 euoluere,
976 1902 1177 1990 persalutare.
1220 1905 1356 1985 Eumque

102 2006 242 2094 (librum)
265 2008 303 2070 ad
326 2015 492 2070 extremum
513 2006 670 2070 revaluisse
691 2007 720 2082 5,
742 2009 771 2083 5,
793 2009 821 2070 5.
844 2008 934 2093 (601.
956 2008 1024 2069 Liv.
1047 2005 1151 2091 0001).

184 2122 293 2188 Sesars
315 2126 352 2187 de
374 2125 494 2186 flumine
518 2125 626 2188 dioitur
647 2144 701 2205 pro
724 2144 776 2199 eo,
798 2125 876 2206 quod
897 2133 944 2187 est
965 2123 1108 2187 diuidere.
1137 2120 1254 2186 Medios
1269 2141 1356 2201 agros

103 2235 183 2289 serat
204 2222 353 2310 (Tiberis)
376 2226 406 2301 5,
428 2227 467 2300 6,·
482 2227 530 2288 12.
552 2227 659 2311 (Verg.
683 2224 740 2289 Ov.
763 2227 837 2289 Hor.
860 2223 964 2310 post).

183 2339 294 2406 Sedere
314 2364 368 2424 per
388 2344 616 2406 translationem
638 2344 742 2405 eadem
764 2343 979 2423 significatione
1000 2342 1119 2416 dicitur,
1141 2361 1199 2423 qua
1213 2337 1354 2402 insidere.

99 2443 202 2506 Altius
223 2443 254 2506 iu
278 2445 378 2507 auimo
399 2445 500 2508 sedeat
521 2464 587 2526 quae
609 2443 829 2524 pronuntiatio,
852 2446 967 2519 vultus,
988 2453 1089 2525 gestus
1112 2437 1355 2524 1010110011.

100 2545 176 2607 Pan.
192 2544 243 2608 55.
278 2545 384 2630 (Verg.
407 2546 463 2609 Ov.
486 2543 590 2628 post).
1077 2531 1083 2540 ¹

88 2685 89 2688 =
182 2643 313 2730 Siyaore
344 2655 500 2728 0061010111
533 2666 614 2708 more
653 2647 783 2727 positum
816 2655 862 2708 est
892 2647 923 2708 iu
958 2646 1158 2710 locutionibus
1192 2643 1354 2707 nonnullis.

99 2747 227 2808 Factum
257 2767 353 2810 meum
381 2749 536 2830 antiquum
566 2745 1027 2832 001051611000100191100115,
1052 2749 1080 2820 1,
1105 2748 1153 2820 ll,
1195 2746 1354 2828 Equestris

100 2848 214 2910 ordinis
241 2849 349 2911 dsoora
376 2850 487 2911 honore
517 2850 667 2911 nominum
689 2847 753 2910 sine
775 2848 920 2910 monitore
941 2849 1078 2932 sipuares
1099 2849 1174 2910 Pan.
1197 2849 1247 2910 23.
1290 2846 1354 2909 01.

99 2949 183 3012 Vota
205 2949 324 3032 siyaari
348 2952 394 3024 10,
416 2950 455 3012 35
478 2949 559 3034 (44).

182 3048 323 3112 Sinuare.
367 3053 434 3114 Duo
458 3050 636 3133 baptisteria
658 3049 740 3112 velut
763 3051 860 3131 ejecta
881 3049 1042 3112 sirsuoutur
1061 3043 1224 3126 2,17,11.
1247 3048 1354 3134 (Verg.

98 3149 152 3213 Ov.
175 3150 279 3235 post).

179 3249 293 3315 Sistere
312 3253 332 3314 i.
355 3273 379 3313 s.
402 3273 430 3334 q.
454 3251 603 3327 solidare,
635 3259 774 3316 ooeroere.
816 3250 955 3313 Al'riaum
980 3250 1058 3312 sistit
1078 3249 1354 3336 (cryptoporticus)

97 3353 126 3424 2,
151 3346 199 3426 17,
223 3347 270 3415 17.
305 3353 367 3416 011.
390 3354 419 3428 4,
442 3356 491 3427 30,
513 3353 542 3417 6.
585 3355 714 3418 Videtur
735 3351 801 3416 sisti
822 3363 852 3416 et
875 3353 980 3434 corrigi
1001 3372 1088 3434 posse
1111 3350 1281 3438 (contagio)
1306 3353 1354 3429 10,

97 3451 137 3516 96
160 3448 242 3538 (97),
265 3454 293 3517 9.
317 3453 425 3538 (Verg.
447 3455 504 3518 Ov.
526 3455 593 3518 Liv.
616 3455 719 3538 post).
1020 3511 1021 3516 ,

179 3551 328 3618 Solidare.
371 3556 429 3616 Vis
451 3576 509 3637 qua
531 3558 628 3619 fracta
646 3555 816 3621 solidantur
836 3557 866 3633 8,
888 3558 939 3632 20,
961 3556 990 3620 4.
1013 3555 1120 3642 (Verg.
1144 3557 1224 3621 Vitr.
1247 3554 1352 3642 post).

178 3651 309 3718 Sordere
330 3676 384 3736 per
405 3657 635 3720 translationem
658 3659 769 3722 dietum
792 3660 868 3720 idem
892 3660 952 3719 fere
975 3657 1141 3738 signifieat,
1175 3659 1255 3741 quod
1281 3657 1369 3722 rou?

94 3757 221 3838 temptur'
237 3774 311 3820 esse.
354 3757 466 3820 Inoosti
490 3759 631 3840 principis
654 3761 767 3822 statuis
789 3759 938 3841 permixte
960 3759 1080 3822 deorum
1104 3760 1263 3823 simulacra
1285 3779 1352 3821 sor-

92 3855 197 3920 derent
218 3857 296 3920 Pan.
318 3858 367 3920 52.
391 3856 498 3943 (Verg.
521 3860 595 3922 Hor.
617 3861 685 3922 Liv.
707 3858 811 3945 0001).

174 3954 320 4022 Stridore.
363 3956 506 4022 Striduat
528 3960 614 4022 sanes
636 3960 666 4036 9,
688 3959 738 4035 26,
760 3961 797 4034 4,
813 3959 917 4046 (Luor.
941 3963 1030 4043 Verg.
1053 3962 1109 4026 Or.
1131 3960 1236 4045 post).

174 4056 309 4121 81161061.
353 4059 428 4132 Quae
451 4058 611 4147 (00016010)
639 4072 712 4124 sunt
733 4071 885 4124 vetustate
907 4060 1051 4146 sublapsa
1084 4063 1132 4139 10,
1155 4059 1196 4126 70
1218 4057 1299 4148 (75),
1323 4065 1350 4127 1.

90 4155 199 4242 (Verg.
222 4158 318 4243 Seu).

174 4257 352 4326 Sutuertere
373 4282 424 4344 per
445 4264 675 4327 translationem
699 4265 816 4328 dieitur.
850 4264 1033 4347 Antiquiora
1054 4265 1200 4328 benefitia
1227 4263 1350 4329 subua-

91 4369 154 4436 tas,
180 4361 237 4424 nisi
259 4362 312 4424 1110
332 4364 550 4444 posterioribus
571 4367 703 4428 cumules
725 4368 754 4442 3,
775 4366 806 4442 4,
829 4365 858 4430 6.
881 4365 965 4450 (101.
988 4365 1077 4428 Luor.
1101 4364 1175 4428 Sall.
1196 4363 1301 4450 post).

171 4460 335 4547 Superesse
356 4463 375 4527 i.
396 4485 421 4527 s.
444 4486 472 4547 q.
493 4468 679 4550 superstitem
701 4489 770 4531 esse.
803 4469 860 4532 Isti
882 4466 990 4530 latroni
1011 4464 1160 4548 supersim
1180 4467 1278 4532 Rufus
1298 4489 1349 4550 00.

89 4563 168 4627 Plin.
193 4565 221 4638 1,
244 4565 293 4638 12,
314 4565 343 4627 8.
367 4565 431 4630 cfr.
452 4569 482 4643 2,
508 4568 534 4642 1,
555 4566 583 4631 9.
610 4569 639 4642 3,
660 4567 710 4642 20,
732 4570 761 4632 5.
787 4568 817 4644 5,
839 4571 877 4632 21
902 4565 966 4653 (9),
987 4565 1016 4629 4.
1038 4564 1158 4651 (Plaut.
1171 4569 1261 4634 Asin.
1276 4571 1350 4634 Pol·

90 4662 131 4727 lio
153 4684 203 4746 00.
225 4665 288 4728 010.
311 4667 397 4732 Fam.
421 4669 468 4744 10,
490 4670 540 4744 33,
561 4668 591 4731 5.
613 4668 680 4732 Liv.
703 4669 816 4754 Suet).
