3226 5332
255 425 312 480 124
739 423 764 480 1.
789 423 820 479 P.
844 424 1010 496 tagergran.

252 597 377 660 busdam
396 598 504 670 rebus,
527 597 623 659 velut:
647 596 863 662 Bibliotheoam
880 597 1075 661 dedicaturus
1095 598 1161 673 l,8,
1173 602 1202 661 2.
1224 598 1358 679 Cognovi
1380 606 1410 660 te
1432 617 1500 679 por·

252 698 342 760 ticum
365 697 519 762 dedicasse
540 697 569 770 5,
586 698 618 759 ll
640 699 722 783 (12),
743 701 770 762 l.
797 699 857 763 011.
885 692 1170 785 10,116(117),1.
1193 698 1287 785 (Plio.
1305 699 1376 779 maj.
1392 697 1499 784 Suet).

334 797 514 872 Destruere,
547 799 624 880 quod
657 801 775 880 proprie
801 801 958 862 dicebatur
983 801 1019 862 de
1040 798 1172 863 adificiis
1195 820 1230 863 ao
1252 807 1357 882 postea
1379 801 1415 862 de
1437 800 1501 862 aliie

252 900 429 981 quibusdam
463 901 551 963 rebus
583 899 672 962 etiam
706 921 761 982 per
792 901 1020 964 translationem
1053 900 1123 981 poni
1155 909 1293 982 coeptum
1327 909 1391 975 est,
1423 901 1501 982 apud

251 999 381 1062 Plinium
405 1010 435 1062 et
457 1002 584 1082 aequales
607 1003 764 1063 nonnullos
788 1011 950 1084 usurpatur
972 1002 1008 1063 de
1025 1001 1202 1065 homiuibus.
1234 1003 1321 1066 Foris
1336 1003 1434 1066 claros
1449 1003 1502 1064 do·

253 1101 377 1162 mastica
399 1099 566 1164 destruebat
586 1101 712 1165 infamia
734 1105 807 1166 Pan.
830 1101 879 1165 83.
902 1100 998 1186 (Vell.
1022 1104 1094 1166 Tac.
1118 1100 1249 1187 Quint).

334 1197 469 1286 11])’1111111
496 1202 703 1283 magistratum
727 1203 834 1267 dicitur
856 1223 909 1285 pro
932 1223 982 1279 eo,
1010 1204 1088 1285 quod
1117 1211 1164 1265 est
1185 1201 1327 1268 abducre
1352 1225 1384 1268 sc
1405 1204 1502 1288 mapi-

251 1312 354 1365 strotu.
388 1301 484 1375 Quasi
505 1302 623 1386 ejurato
648 1305 827 1384 magistratu
852 1305 878 1377 l,
901 1305 952 1379 23,
974 1305 1002 1366 3.
1035 1304 1181 1389 (Veteres
1204 1306 1346 1368 dicebant
1368 1304 1503 1385 ”ejurare

248 1403 409 1483 judicem'',
432 1404 487 1466 tal.
510 1404 582 1468 Son.
605 1405 677 1467 Tac.
701 1407 781 1468 Just.
803 1403 910 1490 Stat).
1213 1413 1216 1420 '

333 1501 492 1590 Euipilare
513 1525 566 1587 pro
589 1524 633 1580 eo,
655 1507 732 1587 quod
755 1515 801 1568 est
823 1505 1004 1592 esperpisci,
1026 1515 1130 1568 contra
1152 1506 1396 1569 consuetudinem
1420 1513 1503 1569 vete-

251 1625 315 1669 rum
348 1608 526 1687 scriptorum
551 1605 668 1671 dicitur.
712 1605 834 1691 Euipilo
867 1628 933 1670 cum
967 1606 1070 1681 libuit,
1098 1606 1269 1689 plerumque
1292 1607 1373 1670 circa
1400 1607 1502 1669 horam

249 1708 374 1790 primam
397 1706 428 1781 9,
450 1707 500 1783 36,
524 1707 552 1770 1.
586 1707 639 1770 011
663 1709 688 1781 1,
711 1706 739 1781 6,
763 1706 792 1773 9.
816 1708 937 1793 (Quint.
961 1707 1045 1771 Suet.
1068 1704 1176 1791 Stat).

331 1804 519 1893 Eccerpere‚
553 1808 630 1888 quod
663 1809 742 1888 apud
776 1817 891 1871 veteres
918 1808 1077 1889 scriptores
1105 1809 1123 1870 i.
1152 1827 1177 1870 e.
1207 1829 1235 1890 q.
1251 1799 1392 1888 eligere,
1425 1809 1502 1890 apud

249 1908 378 1972 Plinium
413 1918 443 1970 et
475 1907 603 1990 aequales
626 1910 747 1989 ponitur
779 1909 815 1972 de
848 1909 920 1972 locis
953 1929 990 1970 ex
1022 1909 1147 1971 aliorum
1180 1909 1263 1971 libris
1295 1909 1399 1972 electis
1428 1918 1459 1972 et
1485 1929 1502 1971 a

248 2009 393 2090 scriptore
416 2011 541 2092 quodam
565 2009 728 2072 annotatis.
772 2011 864 2074 Liber
891 2010 1053 2090 legebatur,
1076 2010 1244 2072 adnotabat
1273 2009 1502 2096 succepebatque

249 2113 278 2188 3,
301 2109 330 2184 5,
356 2113 401 2172 10.
445 2111 569 2174 Librum
593 2110 653 2172 Titi
677 2111 744 2173 Livi
767 2132 891 2196 eucarpo
913 2111 941 2186 6,
963 2111 1013 2185 20,
1035 2112 1063 2174 5.
1097 2109 1182 2196 (San.
1206 2109 1310 2181 Quint.
1334 2111 1418 2174 Suet.
1441 2112 1501 2175 011.

248 2214 310 2278 uic.
332 2214 398 2274 lov.
421 2213 450 2287 2,
466 2214 495 2286 2,
510 2212 540 2284 4,
579 2212 745 2274 ”Onnribus
768 2213 796 2273 iu
821 2232 910 2277 unum
935 2213 1029 2276 locum
1054 2211 1167 2274 coactis
1190 2212 1402 2292 scriptoribus,
1426 2211 1500 2295 quod

249 2313 372 2396 quisque
396 2311 633 2375 commodissime
655 2313 815 2393 praecipere
839 2313 1006 2386 videbatur,
1029 2309 1278 2396 excer·psimus”).

332 2411 480 2476 Eccolece
502 2433 554 2494 pro
578 2433 629 2489 eo,
652 2415 730 2495 quod
753 2425 800 2476 est
815 2435 977 2489 eaorrrare,
1000 2433 1086 2475 nerno
1102 2425 1172 2475 ante
1188 2423 1363 2493 argenteam
1383 2421 1501 2476 aetatem

248 2514 361 2579 dixisse
393 2515 519 2576 ridetur.
579 2515 754 2578 Cubiculum
789 2534 936 2578 marmore
969 2512 1117 2577 ecccrltum
1149 2513 1183 2588 5,
1206 2513 1236 2588 6,
1258 2515 1308 2576 22.
1339 2512 1373 2588 9,
1397 2513 1452 2589 39,
1474 2515 1501 2578 3.

249 2616 341 2700 (Plin.
365 2616 432 2696 maj.
456 2615 561 2688 Quint.
584 2616 667 2680 Suet.
691 2615 769 2678 Flor.
788 2613 907 2700 Mart).
950 2615 1010 2676 Per
1032 2615 1262 2676 translationem
1284 2634 1337 2696 pro
1360 2633 1404 2689 eo,
1427 2615 1502 2696 quod

248 2727 293 2780 est
319 2715 429 2780 bonore
462 2716 597 2804 officere,
625 2714 718 2780 colere
747 2718 873 2796 ponitur.
917 2716 993 2778 Mihi
1022 2717 1173 2778 ornandus
1201 2713 1437 2800 excolendusque
1459 2724 1503 2777 est

249 2821 277 2892 3,
299 2821 329 2893 2,
351 2817 379 2880 4.
409 2817 577 2902 (Patriam)
600 2817 671 2880 mihi
695 2837 713 2879 a
736 2836 921 2900 quocumque
945 2814 1039 2880 ccccli
1055 2817 1219 2896 jucundum
1243 2817 1272 2891 5,
1297 2817 1346 2890 11,
1369 2814 1453 2901 (12),
1474 2817 1501 2878 2.

248 2920 323 3005 (011.
348 2917 404 2982 Or.
426 2921 518 2982 Pont.
545 2913 623 2994 1,7,
646 2917 694 2981 59.
738 2917 801 2982 '’Ut
823 2928 853 2980 te
878 2938 935 2981 non
959 2917 1078 2981 excolat
1100 2915 1259 3000 ipsum!'').
1324 2923 1332 2938 ‘

331 3018 483 3083 Eusercre
506 3041 556 3100 per
578 3018 804 3083 translationem
828 3019 949 3100 ponitur
972 3020 1033 3080 fere
1056 3037 1110 3099 pro
1132 3037 1180 3093 eo,
1203 3019 1281 3100 quod
1300 3027 1503 3104 estpromcrc,

225 3122 413 3196 'osteudera
447 3141 592 3184 acescere.
639 3118 793 3182 Ecetram
826 3121 854 3182 in
888 3119 995 3183 librum
1029 3127 1110 3181 tuum
1140 3120 1191 3204 Jus
1223 3120 1301 3202 quod
1333 3119 1441 3182 dedisti
1468 3119 1503 3194 8,

247 3219 278 3297 7,
300 3224 329 3286 2.
353 3221 440 3307 (Sea.
463 3221 569 3293 Quint.
593 3221 702 3305 Suet).

330 3322 485 3408 Fipurara
516 3323 594 3404 apud
628 3331 744 3384 veteres
778 3321 939 3401 scriptores
966 3319 1085 3402 propria
1109 3319 1230 3397 dicitur;
1262 3321 1316 3383 sed
1338 3321 1453 3384 Plinius
1475 3329 1508 3383 et

248 3425 377 3507 aequales
410 3443 464 3505 per
496 3423 726 3486 translationem
751 3430 913 3503 posuerunt
942 3422 978 3483 de
1002 3421 1137 3484 oratione
1160 3422 1260 3502 figuris
1283 3420 1504 3502 distinguenda.

248 3524 399 3607 Fipurure
431 3525 512 3587 varie
545 3525 600 3586 nisi
633 3524 758 3588 eruditis
790 3531 929 3606 negatum
963 3530 1009 3584 est
1041 3523 1076 3598 3,
1102 3523 1156 3597 13,
1179 3523 1208 3586 3.
1251 3523 1314 3586 cfr.
1337 3522 1374 3598 4,
1396 3523 1453 3598 20,
1474 3524 1505 3585 2.

247 3625 368 3712 (Quint.
392 3626 490 3710 San).

307 3725 468 3791 ,Focilare
501 3748 554 3811 pro
581 3747 631 3801 eo,
660 3726 738 3809 quod
766 3733 812 3788 est
830 3724 953 3814 fouere,
974 3743 1124 3799 remeare,
1146 3722 1282 3812 resisus,
1305 3743 1364 3787 non
1387 3723 1508 3787 videtur

248 3838 318 3892 arrte
347 3837 516 3909 argenteam
546 3839 667 3890 aetatem
697 3828 726 3888 in
756 3847 810 3889 usu
833 3827 941 3900 fuisse,
968 3825 992 3888 si
1016 3825 1112 3888 locum
1135 3825 1218 3887 illum
1241 3825 1332 3888 Varr.
1355 3845 1403 3908 ap.
1426 3826 1506 3888 Non.

247 3930 319 4005 481,
341 3930 361 3994 5
383 3929 444 4014 (ed.
468 3929 599 3993 Gerlach
621 3929 647 3990 81
669 3927 784 4011 Roth),
814 3927 863 3989 ubi
886 3927 983 3988 forma
1011 3927 1186 4006 deponente,
1210 3935 1243 3989 ut
1265 3925 1365 4001 aiunt,
1388 3926 1504 4006 legitur,

247 4031 411 4110 exceperis.
456 4031 554 4112 Aegre
577 4025 715 4099 focilatus
737 4030 765 4102 3,
791 4029 836 4100 14,
858 4026 887 4089 4.
910 4027 937 4100 3,
963 4025 1010 4100 16,
1036 4027 1082 4089 12.
1106 4025 1193 4111 (San.
1216 4024 1329 4111 Suet).

329 4129 533 4195 Iuclurcscere
555 4131 703 4210 significat
724 4126 854 4200 clarum,
885 4125 1014 4191 nobilem
1027 4127 1110 4215 fieri.
1154 4127 1308 4208 Dignitate
1331 4128 1502 4209 nuptiarum

248 4229 422 4296 inclaruisse
444 4233 520 4294 Pan.
542 4230 592 4293 82.
616 4229 709 4314 (Plin.
733 4231 802 4309 maj.
826 4230 897 4290 Tac.
920 4227 1031 4312 Suet).

329 4331 472 4416 Inpercre
494 4353 524 4393 se
546 4331 655 4394 dicitur
677 4331 716 4404 is,
741 4329 791 4411 qui
815 4329 974 4392 ambiendo
996 4349 1052 4392 sua
1074 4337 1181 4410 sponte
1204 4348 1325 4411 operam
1348 4349 1433 4394 suam
1456 4328 1497 4390 ol·

248 4438 320 4506 tert,
344 4434 425 4496 nullo
452 4432 632 4513 postulante.
673 4432 852 4492 Praleotum
884 4431 1021 4509 pratorio
1054 4450 1114 4492 non
1149 4449 1186 4492 ex
1219 4430 1422 4514 inpeccatibus
1454 4449 1497 4500 se,

246 4538 296 4596 sed
330 4553 367 4596 ex
399 4532 647 4596 subtrahentibus
676 4532 770 4610 legere
800 4531 874 4590 Pan.
897 4527 946 4592 86.
971 4530 1056 4615 (Juv.
1079 4530 1108 4606 6,
1132 4529 1202 4593 608.
1241 4532 1356 4594 Eadem
1386 4534 1444 4594 lere
1470 4527 1496 4588 ri

246 4635 309 4700 Cic.
331 4636 411 4699 Caso.
433 4632 463 4710 5,
488 4634 525 4696 13
548 4633 624 4696 dixit
646 4632 697 4694 ”se
719 4629 873 4713 inferre'').
