3264 5332
232 436 271 492 68
721 439 747 492 J.
771 437 802 494 P.
825 437 993 510 Lagergren.

314 607 494 674 Adnotator.
545 610 596 674 Sic
628 610 745 674 Plinius
772 611 847 673 dixit
874 610 1094 684 Domitianum,
1127 609 1196 690 quia
1224 608 1365 689 suspicax
1386 615 1417 668 st
1438 607 1483 668 iu·

231 711 359 772 sidiosus
387 711 467 773 dicta
497 711 592 784 facta,
624 713 723 774 vultus
746 713 837 774 etiam
866 723 897 774 et
922 723 1023 792 gestus
1056 711 1163 772 civium
1186 709 1362 772 adnotabat.
1417 708 1482 768 Non

231 821 386 892 spectator
418 810 633 894 adnotaturque
668 813 801 874 convivis
830 813 890 874 tuis
912 813 1046 874 immines
1079 813 1153 872 Pan.
1179 809 1229 872 49.
1277 809 1380 872 Etiam
1403 829 1483 892 spec-

231 921 308 975 tator
331 913 472 974 hocloco
495 912 524 973 in
549 913 657 974 rualem
680 923 796 993 partem
820 914 930 976 dicitur
953 915 1013 974 fere
1034 932 1088 992 pro
1110 909 1303 994 speculatore.

314 1011 492 1076 Arcessitor.
536 1013 603 1074 Hoc
635 1014 811 1076 vocabulum
845 1014 915 1076 l’ecit
943 1015 981 1076 ed
1011 1033 1076 1075 eum
1100 1013 1341 1092 significandum,
1375 1009 1425 1092 qui
1447 1013 1484 1072 ad

231 1113 360 1176 officium
387 1114 505 1194 aliquod
534 1114 702 1176 obeundum
726 1115 910 1177 incommode
933 1115 1062 1195 aliquem
1085 1114 1222 1176 advocat.
1266 1112 1359 1175 Nulla
1383 1131 1485 1173 neces-

231 1214 306 1276 sitas
329 1224 419 1294 togae,
441 1233 525 1275 nemo
548 1215 705 1277 arcessitur
727 1235 766 1276 ex
788 1216 922 1296 proximo
945 1216 973 1289 5,
996 1214 1026 1289 6,
1049 1215 1098 1276 45.

315 1311 544 1378 Cornrneudctor
567 1315 683 1390 dicitur,
705 1316 754 1396 qui
772 1317 899 1399 aliquem
915 1317 1112 1378 commendat.
1140 1315 1207 1378 Nisi
1222 1313 1265 1374 illi
1282 1317 1380 1375 l'autor
1395 1313 1484 1374 etiam

232 1415 512 1499 commendatorque
535 1418 690 1496 contingat
719 1415 749 1490 6,
772 1418 823 1492 23,
844 1416 872 1480 5.
917 1417 1059 1480 Forsitan
1088 1427 1189 1478 tamen
1213 1416 1306 1476 multo
1329 1424 1400 1475 aute
1424 1414 1484 1476 lraec

232 1536 291 1579 vox
318 1517 347 1579 in
376 1537 431 1578 usu
454 1517 556 1590 fuerit,
589 1537 654 1580 cum
683 1517 786 1580 Cicero
815 1517 1077 1581 commendatricis
1111 1537 1212 1580 vocem
1242 1516 1352 1578 habeat
1380 1513 1483 1597 (chg.

234 1617 261 1692 1,
283 1619 332 1692 22,
355 1617 423 1700 tm:
451 1616 621 1688 ''Quoniam
648 1618 739 1698 legem
768 1639 832 1680 esse
857 1627 977 1698 oportet
1006 1619 1285 1682 commendatricem
1310 1615 1483 1678 virtutum.''

232 1718 283 1781 Sia
313 1720 392 1799 apud
420 1718 550 1780 Plinium
580 1719 698 1799 legitur:
732 1720 945 1782 Miraculorum
976 1723 1060 1782 l'erax
1087 1716 1384 1800 commendatrr'aqoe
1405 1727 1485 1778 terra

229 1819 260 1895 8,
283 1821 333 1894 20,
355 1821 383 1881 2.

312 1917 494 1983 Declaratur
516 1916 590 2007 (circ.
613 1919 684 2004 sip.)
714 1921 862 2001 significat
891 1942 975 1994 eum,
1009 1922 1058 2003 qni
1081 1930 1198 1983 creatos
1222 1921 1415 1998 magistratus
1438 1938 1484 1980 re-

230 2021 364 2084 nunciat.
399 2021 443 2084 Ut
463 2022 541 2084 idem
564 2023 726 2086 honoribus
750 2024 859 2086 nostris
882 2025 1061 2103 suffragator
1083 2023 1111 2083 in
1136 2021 1234 2094 cirria,
1257 2021 1285 2081 in
1310 2039 1415 2099 campo
1431 2018 1483 2082 de-

230 2119 363 2185 clarator
384 2122 527 2185 existeres
549 2124 626 2186 Pau.
642 2123 690 2186 92.

313 2217 477 2286 Hatitator
505 2224 631 2286 eandem
657 2226 717 2287 fere
741 2225 799 2286 vim
824 2226 931 2299 babet,
959 2245 1046 2305 quam
1069 2232 1228 2288 conctator.
1273 2221 1345 2283 Sum
1369 2228 1400 2282 et
1421 2220 1483 2301 ipse

229 2323 259 2386 io
282 2324 396 2386 edendo
419 2322 570 2388 boesltotor
592 2325 621 2401 5,
646 2326 684 2388 10
707 2325 789 2411 (ll),
812 2329 842 2387 2.

313 2422 511 2511 Reforrrsator
533 2421 606 2512 (aire.
629 2425 700 2511 sip.)
724 2427 833 2490 dicitur
855 2429 915 2488 fere
936 2447 991 2507 pro
1015 2428 1206 2489 emendatore
1228 2425 1264 2488 de
1288 2442 1339 2498 ec,
1363 2421 1411 2504 qui
1435 2443 1484 2484 ar-

231 2533 278 2588 tes
311 2526 460 2605 ueglectas
493 2529 598 2591 recolit
629 2540 659 2591 et
692 2530 780 2590 fovet.
835 2529 971 2608 Ipsarum
997 2528 1161 2590 litterarum
1181 2527 1245 2608 jam
1267 2524 1482 2588 senescentium

232 2628 371 2690 reductor
393 2647 427 2690 ac
448 2627 631 2712 reformator
656 2629 686 2704 8,
711 2631 759 2702 12,
784 2632 810 2690 l.

316 2761 372 2822 His
394 2763 592 2826 substantivis
615 2764 745 2843 ejusdem
768 2765 883 2843 generis
906 2783 1013 2826 novans
1038 2763 1095 2824 vim
1118 2761 1274 2842 imposuit:

315 2859 472 2927 Franator.
518 2866 584 2928 Hoc
606 2865 782 2927 vocabulum
798 2865 888 2938 solus,
911 2874 945 2927 ut
960 2865 1088 2939 videtur,
1109 2864 1226 2924 Plinius
1240 2881 1292 2943 per
1309 2860 1484 2922 translatio-

233 2981 298 3024 nem
321 2963 421 3044 posuit
443 2964 479 3026 de
502 2984 551 3038 eo,
572 2966 622 3047 qui
650 2985 681 3028 se
709 2966 772 3046 ipse
794 2966 927 3028 continet
949 2975 980 3026 et
1002 2966 1183 3037 moderatur,
1217 2966 1275 3025 lere
1298 2981 1351 3041 pro
1374 2971 1484 3043 ternpo-

233 3072 341 3125 ratcre.
377 3065 504 3128 Infinita
526 3068 688 3146 potestatis
711 3066 839 3129 domitor
861 3077 890 3128 et
904 3067 1050 3152 frenator
1072 3066 1187 3127 animus
1209 3064 1284 3125 Pan.
1308 3060 1357 3123 55.
1386 3060 1484 3146 (Stat.

234 3165 353 3246 propria
375 3164 590 3245 significatione
613 3168 712 3248 posuit
734 3169 769 3229 dc
789 3168 901 3248 equite:
925 3166 1090 3229 ”Frertator
1105 3164 1277 3250 equorum.’'
1299 3161 1370 3224 Vel.
1384 3161 1485 3224 Flacc.

234 3267 270 3328 de
292 3284 342 3338 eo,
365 3267 413 3346 qui
435 3268 526 3330 telum
549 3277 737 3349 contorquet:
761 3267 928 3331 ''Freaator
949 3265 1072 3352 coati’').

317 3361 455 3429 Gestator
475 3370 592 3449 proprie
608 3370 686 3431 idem
704 3371 762 3432 fere
778 3368 943 3448 significat,
966 3369 1043 3449 quod
1056 3364 1193 3450 perolas,
1216 3362 1333 3448 bajulos
1351 3362 1486 3450 (Mart),

234 3466 287 3529 sed
311 3469 389 3547 apud
411 3469 540 3530 Plinium
564 3471 685 3551 ponitur
708 3470 744 3532 de
767 3469 922 3549 delphino,
948 3469 998 3550 qui
1020 3489 1111 3531 unum
1134 3487 1149 3528 e
1172 3471 1288 3547 pueris,
1311 3465 1485 3547 quibuscum

235 3567 339 3631 lusisse
373 3569 475 3644 fertur,
507 3581 591 3651 tergo
625 3571 861 3651 transportabat.
905 3570 1082 3632 Incredibile
1112 3567 1282 3648 delphinum
1310 3575 1488 3651 perlatorem

235 3669 468 3752 collusoremque
489 3691 643 3753 puerorum
666 3673 696 3732 in
720 3681 829 3733 terram
853 3671 970 3733 extrahi
991 3670 1110 3732 solitum
1134 3667 1163 3741 9,
1185 3670 1235 3742 33,
1256 3666 1285 3729 8.

317 3768 441 3834 Mentor
458 3771 521 3851 jam
543 3774 623 3854 apud
645 3773 803 3835 Horatium
826 3782 856 3833 et
877 3771 1014 3835 Ovidium
1038 3771 1158 3851 panitur
1180 3788 1234 3848 pro
1256 3776 1412 3839 metatore,
1435 3766 1487 3829 de-

234 3871 452 3955 cempedatorc,
485 3874 537 3934 sed
569 3874 649 3954 apud
680 3873 809 3936 Plinium
832 3873 980 3953 significat
1012 3892 1094 3945 eum,
1127 3870 1176 3952 qui
1208 3877 1343 3949 sumptus
1366 3886 1486 3949 operum

236 3973 431 4052 quorundam,
453 3975 534 4036 velut
556 3973 745 4035 aedificiorum
769 3984 922 4055 conmutat
944 3994 979 4035 ac
1001 3993 1053 4054 pro
1077 3973 1162 4033 modo
1180 3979 1211 4031 et
1229 3969 1487 4050 rationeopernm,

235 4079 356 4154 quanta.
378 4075 415 4137 ad
439 4094 474 4135 ea
496 4073 678 4154 perficienda
699 4074 841 4155 impensae
869 4075 1044 4138 necessariae
1066 4072 1142 4145 sint,
1169 4071 1325 4150 diligenter
1348 4070 1487 4132 aestimat.

235 4173 374 4253 Dispice,
403 4174 535 4248 domine,
563 4194 601 4236 an
630 4175 829 4238 necessarium
858 4186 946 4258 putes
968 4176 1087 4237 mittere
1110 4174 1167 4234 huc
1188 4190 1353 4233 mensorem
1378 4171 1426 4244 10,
1452 4163 1487 4230 17

236 4272 271 4358 a
292 4271 319 4358 r,
342 4273 370 4336 5.

320 4373 483 4438 Reductor.
516 4377 604 4439 Hauc
626 4396 727 4439 vocem
750 4377 823 4440 satis
845 4397 960 4450 raram,
984 4396 1048 4457 quae
1064 4374 1184 4456 propria
1199 4370 1415 4452 significatione
1435 4389 1486 4430 ex-

238 4481 302 4536 stat
323 4477 402 4556 apud
423 4477 553 4551 Livium,
584 4477 700 4540 Plinius
722 4497 775 4558 per
796 4478 1021 4541 translationem
1046 4477 1145 4557 posuit
1168 4475 1225 4535 fere
1248 4492 1300 4553 pro
1322 4473 1487 4533 restitutore

238 4575 275 4636 de
297 4594 347 4648 eo,
369 4576 418 4657 qui
440 4587 521 4640 artes
542 4579 647 4641 recolit
668 4578 865 4659 celebratque.
901 4580 1037 4659 Ipsarum
1062 4576 1225 4639 litterarum
1244 4575 1307 4654 J’am
1330 4591 1484 4634 senescen-

239 4674 312 4738 tium
334 4676 475 4740 redcctor
495 4698 532 4741 ac
554 4681 732 4743 reformator
753 4679 783 4754 8,
808 4680 856 4752 12,
880 4679 906 4741 l.
