3226 5332
233 387 294 446 168
723 387 749 447 J.
773 391 803 449 P.
827 383 995 466 Lugergrcn.

313 561 489 652 Perfectum
510 562 660 644 significat
681 586 740 630 reru
763 587 842 648 sape
863 567 974 630 factam
996 584 1061 628 esse
1083 565 1209 648 ideoque
1230 562 1294 628 fieri
1314 561 1423 634 solere,
1452 555 1483 624 id

231 665 308 748 quod
332 684 391 727 non
414 665 458 728 its
479 683 579 727 rarum
597 673 644 727 est
659 669 739 750 apud
755 669 911 742 classicos,
933 667 982 752 qni
997 675 1152 740 vocantur,
1173 665 1342 746 scriptores.
1375 664 1483 728 Plures

232 764 374 850 (amicos)
397 766 509 828 habere
538 765 637 828 multis
659 770 836 850 gloriosum,
864 768 1085 851 reprehensioni
1111 766 1221 830 nemini
1247 763 1308 841 fuit
1333 765 1413 839 us,
1436 764 1484 828 11.

232 869 383 930 Praeterea
411 867 440 928 in
470 867 726 933 enuntiationibus
748 871 961 952 potentialibus
987 870 1152 950 perlectum
1177 887 1255 948 saepe
1282 867 1405 949 ponitur
1425 884 1483 926 nun

234 967 329 1029 solum
362 968 392 1030 iu
426 967 681 1034 enuntiationibus
714 971 877 1052 primariis,
909 979 944 1033 nt
969 971 1048 1050 apud
1075 979 1189 1032 veteres
1218 988 1332 1050 quoque
1357 967 1486 1048 scripto-

234 1087 297 1142 res,
319 1069 372 1130 sed
394 1068 483 1132 etiarn
513 1069 543 1130 in
566 1071 822 1135 enuntiationibus
845 1072 1044 1146 secundariis,
1069 1071 1100 1132 id
1122 1071 1213 1152 quod,
1235 1078 1381 1152 qnantum
1403 1067 1486 1148 equi·

235 1169 302 1230 dem
325 1170 400 1244 scio,
427 1169 577 1233 veteribus
599 1171 773 1236 inusitatum
796 1181 843 1236 est
884 1171 1045 1236 Acanthus
1067 1170 1097 1233 iu
1121 1171 1210 1250 plano
1232 1169 1330 1232 mollis
1350 1179 1383 1232 et
1403 1187 1486 1248 paeue

234 1267 365 1332 dicerirn
387 1270 515 1352 liquidus
536 1270 566 1346 5,
588 1271 618 1347 6,
641 1273 689 1338 16.
725 1274 920 1356 Requisierim
942 1268 972 1348 7,
997 1266 1044 1346 17,
1066 1274 1097 1334 3.
1132 1271 1316 1334 Crediderim
1338 1271 1414 1332 Pau.
1437 1267 1487 1330 80.

235 1370 349 1450 Hujus,
381 1380 413 1432 ut
444 1370 487 1433 itu
515 1371 661 1449 dicerem,
694 1375 849 1438 tristitiam
875 1375 994 1457 reliques
1016 1381 1117 1455 partes
1141 1371 1266 1434 actionis
1288 1391 1412 1434 exorare
1434 1371 1487 1432 de·

236 1471 352 1535 bebuut
383 1473 413 1546 2,
436 1471 464 1546 5,
486 1471 515 1534 6.
563 1471 602 1536 Ut
633 1474 675 1537 sic
707 1475 854 1553 dicerirn,
886 1476 991 1538 servile
1023 1475 1132 1536 bellum
1159 1473 1309 1536 sustulisti
1338 1475 1415 1536 Pau.
1437 1471 1487 1534 42.

237 1572 324 1655 (Tac.
347 1569 450 1644 Quint.
473 1574 554 1636 Flor.
577 1574 726 1660 Gaius1).
758 1575 847 1648 Quod
869 1578 907 1640 ad
925 1576 1156 1640 consecutionem
1178 1583 1345 1659 temporum
1367 1572 1488 1645 attinet,

237 1672 287 1734 vix
309 1693 384 1755 opus
407 1682 454 1736 cst
476 1694 522 1736 me
545 1696 790 1753 commemorare,
813 1677 903 1762 impf.
918 1676 992 1761 conj.
1014 1683 1085 1758 poni
1107 1684 1176 1758 post
1197 1676 1379 1738 antecedens
1398 1694 1488 1756 prus.

236 1773 319 1848 bist,
353 1775 447 1838 velut:
479 1772 698 1854 Precmouetur,
730 1779 768 1842 ad
794 1779 1009 1841 confessionem
1042 1777 1220 1859 confuperel,
1253 1776 1339 1858 quasi
1368 1776 1407 1836 ad
1435 1794 1488 1836 ve·

237 1875 316 1938 uiam
338 1876 367 1950 4,
391 1877 439 1950 ll,
463 1877 509 1938 11.
554 1879 598 1941 Ut
619 1880 740 1960 paulum
762 1889 929 1964 cupeclcret
955 1899 1044 1942 mauu
1071 1877 1218 1963 sipuipicut
1245 1872 1274 1952 7,
1290 1871 1340 1950 27,
1355 1876 1385 1940 9.
1428 1876 1488 1938 ctr.

236 1976 267 2051 8,
290 1975 320 2050 6,
342 1976 361 2039 5
389 1977 521 2059 aliosque
544 1980 654 2043 multos
677 1981 772 2054 locos,
796 2001 868 2063 quos
891 1981 1010 2060 longum
1033 1989 1081 2043 est
1103 1998 1285 2041 enumerare.
1318 1980 1387 2042 Duo
1410 1997 1489 2058 prae-

237 2086 322 2140 terea
345 2077 401 2141 loci
424 2097 482 2141 nou
505 2087 576 2143 suut
598 2081 769 2145 omittendi:
806 2082 982 2161 Ingentibus
1008 2080 1126 2143 damnis
1148 2079 1360 2160 immensisque
1384 2098 1491 2140 muue-

237 2178 320 2241 ribus
348 2177 534 2261 paciscimur
561 2190 595 2242 ut
622 2182 783 2246 vicerimus
809 2183 884 2245 Pan.
910 2183 959 2244 12.
1001 2179 1142 2266 Effecisti
1162 2201 1198 2242 ue
1224 2181 1319 2242 malos
1340 2179 1490 2260 principes

237 2277 442 2341 habuissemus
474 2281 548 2343 Pan.
571 2282 622 2359 40,
656 2283 691 2345 da
723 2283 830 2364 quibus
857 2283 929 2346 locis
956 2282 1040 2359 vide,
1074 2302 1141 2365 quse
1165 2283 1268 2344 Haase
1301 2282 1341 2344 ad
1366 2279 1491 2360 Reisigii

235 2379 372 2456 scholas,
393 2380 542 2461 pagum,
564 2382 644 2448 Anu.
667 2379 730 2448 478
753 2385 929 2465 disputavit.

727 2612 776 2693 ue
800 2609 1004 2692 Particulis.

320 2782 473 2850 Aduerbio
494 2784 558 2852 loci.
603 2787 702 2865 Alibi,
729 2792 806 2872 quod
829 2790 909 2871 apud
930 2767 1102 2852 Ciceronem
1125 2807 1270 2868 nusquam
1293 2789 1415 2870 ponitur
1438 2789 1493 2852 uisi

237 2889 267 2952 in
290 2888 446 2951 sententiis
469 2889 617 2970 negativis
631 2892 674 2978 ²),
696 2893 774 2974 spud
797 2891 929 2955 Plinium
951 2900 982 2952 et
1002 2890 1146 2971 aequales,
1169 2891 1373 2969 praeeuntibus
1396 2891 1493 2971 poetis

238 2997 271 3053 ct
291 2990 387 3066 Livio,
410 2991 578 3072 frequenter
599 3003 760 3077 usurpatur
780 2992 814 3055 in
834 2990 986 3056 sententiis
1000 2989 1192 3076 affirmativis
1202 2990 1299 3053 velut:
1322 2990 1408 3056 Alibi
1422 3012 1493 3073 pra·

239 3090 350 3166 tulum,
378 3089 451 3254 171161
478 3091 544 3173 ipsa
565 3094 662 3158 buxus
683 3093 845 3158 intervenit
871 3091 902 3167 5,
923 3090 953 3166 6,
975 3089 1024 3153 35.
1046 3091 1075 3166 8,
1100 3085 1149 3164 17,
1169 3092 1198 3152 4.
1240 3092 1310 3154 Jeru
1336 3094 1399 3156 dies
1422 3093 1495 3156 alibi

239 3192 268 3268 6,
293 3192 342 3268 16,
367 3193 382 3255 l
408 3239 414 3254 .
437 3191 467 3267 9,
489 3191 540 3266 26,
562 3193 591 3257 8.

322 3305 408 3372 Hinc
428 3317 455 3372 et
476 3308 562 3386 iude,
594 3311 663 3376 binc
684 3320 772 3395 atque
799 3309 886 3384 iude,
917 3307 986 3372 binc
1017 3305 1062 3370 uel
1093 3305 1179 3382 iude,
1211 3307 1279 3371 binc
1310 3309 1380 3373 inde
1415 3311 1494 3373 inter

239 3430 272 3473 ss
294 3418 485 3492 opponuntur
512 3414 591 3493 apud
614 3421 762 3493 argentee
784 3411 885 3474 utatis
907 3409 1067 3490 scriptores
1092 3429 1146 3489 pru
1167 3429 1219 3484 eo,
1245 3413 1323 3491 quod
1346 3420 1393 3474 est
1414 3413 1494 3492 apud

241 3520 357 3574 veteres
379 3511 447 3574 binc
469 3521 496 3574 et
517 3512 588 3595 (uel)
609 3512 706 3586 illinc,
733 3511 802 3576 binc
823 3509 914 3575 illine.
958 3509 1159 3574 Intentiouem
1188 3531 1289 3574 eorum
1315 3512 1397 3576 nulla
1426 3512 1495 3576 dinc

240 3622 268 3676 et
299 3611 370 3676 inde
402 3613 521 3676 collatio
555 3615 732 3678 accenderet
764 3613 794 3687 4,
817 3612 847 3688 5,
868 3614 897 3676 2.
941 3612 1038 3674 Varia
1065 3609 1133 3672 dinc
1154 3619 1242 3696 utque
1263 3612 1334 3676 inde
1357 3613 1448 3676 facies
1470 3615 1498 3686 2,

244 3707 294 3788 17,
316 3715 344 3776 3.
377 3714 454 3778 Pan.
476 3715 526 3777 22.
549 3714 599 3779 68.
641 3713 725 3778 Hinc
746 3711 791 3777 uel
812 3714 883 3778 inde
904 3713 1003 3776 ventis
1030 3712 1178 3794 inquietus
1200 3711 1295 3798 (dise)
1322 3717 1353 3788 2,
1377 3709 1427 3789 17,
1452 3713 1497 3776 16.

240 3815 325 3880 Acte
347 3835 440 3878 causa
460 3813 529 3879 binc
552 3836 571 3878 a
591 3816 751 3899 Polyaeno,
773 3815 843 3880 inde
867 3836 886 3878 a
913 3816 1023 3894 Magno
1045 3808 1074 3888 7,
1100 3813 1147 3888 10,
1170 3815 1199 3874 2.
1242 3811 1327 3878 Hinc
1348 3816 1498 3896 porticus,

242 3917 313 3980 inde
335 3917 460 3980 delubra
480 3918 554 3981 Pau.
578 3916 628 3982 51.
671 3918 753 3981 Idem
778 3917 837 3980 lere
859 3915 1023 3997 significat,
1052 3915 1130 3995 quod
1152 3913 1298 3995 undique:
1331 3913 1407 3988 Qua
1429 3925 1499 3979 tnnc

242 4018 403 4088 hincinde
422 4017 507 4097 jacta
529 4027 600 4084 suut
621 4019 650 4095 9,
675 4020 724 4092 13,
746 4018 775 4082 8.
811 4018 874 4082 011.
897 4016 927 4090 5,
950 4015 979 4092 6,
1002 4013 1051 4078 36.
1074 4013 1103 4089 9,
1125 4015 1175 4091 33,
1200 4015 1226 4078 1.

327 4136 471 4201 Similiter
491 4135 600 4201 ibi-liic
620 4156 673 4218 pro
694 4134 820 4199 illic-bic
842 4135 926 4198 dixit.
958 4133 1109 4196 Viderunt
1130 4131 1173 4195 ibi
1194 4133 1285 4196 boves
1308 4142 1412 4198 aratra
1434 4155 1499 4199 rec-

244 4246 337 4314 tores,
359 4237 407 4303 111
429 4238 530 4302 solute
550 4246 581 4301 et
602 4238 698 4303 libere
719 4244 856 4301 armenta
876 4235 907 4310 8,
930 4229 979 4310 17,
1000 4235 1029 4298 4.

246 4385 444 4396 --———-

295 4453 313 4524 ¹)
336 4461 387 4515 Cir.
410 4461 532 4530 Drueger,
561 4459 579 4513 l.
601 4460 618 4514 l.
640 4460 708 4532 Peg.
733 4457 780 4511 ll.
816 4455 938 4529 Madvig,
971 4455 1404 4527 ”uet.spnen10nre’§380‚
1428 4460 1499 4512 Anu.

241 4591 242 4594 ¹
290 4540 313 4611 ²)
336 4547 386 4602 011.
410 4547 501 4602 Haud.
523 4548 599 4601 Turs.
622 4565 641 4602 s.
665 4563 703 4610 r.,
736 4561 816 4616 quem
845 4560 945 4616 magna
967 4561 1003 4597 ex
1031 4549 1110 4612 parte
1137 4543 1163 4597 in
1187 4545 1327 4616 particulis
1350 4543 1499 4600 tractandis

248 4637 357 4688 seculus
379 4650 448 4688 sum.
