3226 5332
324 451 364 504 De
387 449 448 506 vita
470 453 498 505 et
520 449 676 506 elocutione
699 450 728 508 0.
751 449 837 506 Plinii
859 449 962 506 cecilii
984 447 1111 504 Secundi.
1294 449 1350 504 131

182 617 328 704 Coptore,
351 634 500 703 praeeunte
522 623 665 698 Horatio,
687 624 737 704 qui
752 625 892 703 ”captare
908 621 1111 686 testamenta”
1128 620 1216 692 dixit,
1237 620 1353 682 Plinius

100 731 129 784 et
149 724 280 803 aequales
302 725 339 786 de
360 725 425 804 ipso
449 724 567 786 homine
590 734 770 805 posueruut,
793 745 876 806 quem
899 724 1041 786 simulata
1061 722 1267 786 benevolentia
1283 741 1354 802 pro-

99 824 181 904 sequi
203 824 342 886 solebant
364 824 555 905 heredipetae.
600 827 703 905 Nuper
725 833 848 905 captare
871 845 938 887 eum
960 832 1096 908 coeperat
1117 825 1147 897 2,
1169 823 1219 896 20,
1241 818 1269 884 7.
1292 822 1353 883 cfr.

98 924 127 997 4,
150 926 179 997 2,
201 926 230 985 2.
252 925 282 998 8,
306 925 354 999 18,
377 929 406 987 2.
1007 939 1008 944 ’

180 1021 305 1088 Carere.
349 1025 438 1108 Aqua
460 1037 565 1091 canoto
587 1027 685 1109 lapide
711 1026 871 1108 suscipitur
893 1025 922 1100 5,
944 1025 974 1100 6,
997 1025 1045 1088 36.
1067 1025 1098 1098 8,
1120 1027 1170 1098 20,
1193 1024 1221 1086 4.
1250 1022 1353 1106 (Lacr.

97 1126 189 1206 Verg.
211 1125 268 1188 Ov.
291 1127 358 1189 Liv.
382 1126 491 1213 post).
690 1119 693 1124 ¹

179 1224 364 1312 Circumopi
408 1221 575 1310 Postquam
608 1230 713 1291 Livius
744 1229 773 1290 in
802 1229 932 1291 solutam
956 1225 1121 1288 orationem
1145 1226 1200 1288 hoc
1222 1226 1353 1287 vocabu·

94 1326 157 1389 lum
180 1329 216 1390 de
238 1336 371 1408 tempore
393 1332 523 1409 positum
547 1328 615 1416 (cir.
637 1331 726 1393 Lacr.
744 1329 773 1403 5,
788 1329 865 1410 881)
887 1329 1063 1400 induxerat,
1086 1329 1124 1390 ad
1145 1327 1220 1388 alias
1236 1347 1352 1408 quoque

92 1448 142 1490 res
165 1430 320 1492 transferri
343 1440 481 1512 coeptum
504 1441 565 1505 est,
586 1433 683 1494 velut:
707 1430 788 1502 Quin
811 1430 902 1492 etiem
919 1449 1012 1510 parva
1026 1429 1089 1491 hoec
1104 1429 1208 1490 ordine
1225 1429 1351 1508 quodam

91 1536 124 1590 et
152 1530 236 1592 velut
263 1531 334 1592 orbe
361 1532 540 1616 circumoqit
562 1534 590 1606 3,
615 1534 641 1605 l,
664 1534 692 1594 3.
736 1533 798 1595 afr.
828 1530 901 1592 Cum
929 1530 1083 1591 videamus
1113 1538 1160 1590 tot
1188 1531 1351 1590 varietates

90 1639 157 1692 tem
185 1631 309 1692 volubili
336 1633 407 1694 orbe
430 1633 596 1715 circumopi
616 1633 645 1706 4,
668 1632 717 1706 24,
741 1632 770 1696 6.
813 1633 926 1693 Eadem
950 1633 1008 1693 fere
1031 1629 1259 1709 significatione,
1293 1649 1352 1709 qua

89 1745 221 1793 curvare
243 1731 361 1794 dicitur.
405 1730 603 1796 Circumactis
625 1734 814 1815 curvatisque
836 1733 974 1794 litoribus
996 1730 1026 1804 6,
1051 1729 1098 1804 16,
1124 1732 1169 1792 12.
1212 1729 1351 1792 Porticus
1437 1805 1442 1816 ¹

89 1832 123 1894 in
146 1833 176 1894 D
199 1833 307 1896 litterae
328 1834 554 1898 similitudinem
578 1835 765 1898 circumactae
786 1836 816 1907 2,
840 1828 887 1906 17,
910 1833 938 1894 4.
982 1833 1070 1894 Hunc
1091 1831 1242 1912 participii
1265 1851 1349 1892 nsum

90 1952 152 1996 non
185 1933 314 1997 inveniri
346 1935 403 1997 uisi
428 1937 507 2016 apud
531 1935 663 1998 Plinium
686 1945 861 2016 utrumque,
894 1933 995 1995 nescio
1017 1952 1074 2014 quo
1091 1935 1158 2013 jure
1180 1932 1350 2012 suspicatus

91 2043 140 2098 001
172 2035 294 2098 Freuud
321 2035 351 2098 in
382 2035 488 2100 lexico.
532 2038 607 2100 000]
641 2037 699 2100 11110
727 2036 927 2100 locutionibus
950 2033 1075 2096 conferri
1097 2042 1205 2114 potest.
1249 2034 1349 2095 Lacus

90 2143 139 2198 est
160 2135 190 2198 in
211 2135 441 2200 similitudinem
459 2138 590 2218 jacentis
613 2147 687 2201 rotae
708 2136 955 2221 circumscriptus
976 2135 1006 2211 8,
1028 2137 1079 2211 20,
1101 2136 1130 2198 4.

176 2233 379 2317 Circumferre
390 2257 443 2319 pro
455 2258 500 2312 eo,
522 2242 600 2320 quod
616 2248 663 2302 est
673 2238 864 2323 proculcare,
885 2237 1092 2312 disseminare,
1109 2237 1226 2300 dicitur.
1248 2238 1348 2300 Meum

94 2338 232 2400 meritam
255 2340 466 2418 praedicatione
487 2339 659 2416 circumfert
680 2341 711 2416 3,
735 2342 783 2416 ll,
808 2341 833 2400 l.
856 2338 885 2414 6,
906 2338 937 2412 8,
959 2341 986 2400 2.
1020 2339 1099 2400 lllud
1122 2340 1223 2420 ingens
1249 2340 1348 2413 fama,

95 2437 158 2500 haeo
180 2438 261 2501 nulls
282 2439 454 2524 circumfert
475 2443 505 2516 3,
530 2441 577 2516 16,
601 2444 648 2504 13.
671 2441 743 2526 (Ov.
765 2443 836 2504 Am.
858 2443 890 2512 2,
915 2435 962 2513 17,
983 2439 1032 2502 29.
1055 2437 1145 2524 cn).

178 2537 369 2622 Compescere
390 2543 409 2604 1.
431 2561 455 2604 0.
478 2563 506 2624 q.
528 2541 677 2616 cohibere,
700 2543 814 2606 sedare.
851 2541 973 2604 Nullum
997 2541 1227 2604 instrumentum
1249 2542 1286 2602 ed
1301 2541 1349 2601 in-

96 2640 201 2703 cendia
233 2642 444 2724 compescendo
478 2644 532 2717 10,
555 2645 595 2705 33
617 2643 704 2729 (42),
725 2648 755 2707 2.
808 2642 958 2706 Hostilem
992 2649 1135 2704 terrorem
1167 2661 1350 2726 compescere

94 2741 170 2804 Pan.
193 2739 242 2803 56.
286 2744 447 2806 Tunrentes
470 2745 594 2824 populos
615 2765 797 2829 conrpescerc
817 2746 891 2807 Pan.
914 2742 962 2804 80.
986 2740 1087 2826 (Ρο01.
1109 2740 1214 2828 post).

178 2839 372 2926 Comprecom‘
402 2844 421 2905 i.
445 2865 472 2926 q.
493 2845 623 2928 precari.
667 2847 706 2908 Ei
737 2847 849 2908 iratum
881 2843 1045 2925 principem
1072 2855 1119 2906 est
1144 2852 1348 2928 comprecatus
1392 2827 1396 2836 ¹

94 2943 124 3016 4,
145 2943 197 3016 25,
219 2946 249 3004 2.
270 2946 346 3007 Pau.
369 2947 397 3006 2.
421 2946 536 3026 (Plaut.
560 2948 628 3010 Ter.
651 2947 705 3009 Ov.
729 2945 864 3029 001011).

176 3041 326 3130 Confiteri.
368 3047 536 3128 Postquam
558 3048 649 3128 Verg.
671 3057 703 3109 et
724 3048 781 3110 Ov.
804 3048 861 3110 hac
882 3065 954 3108 voce
977 3047 1024 3109 usi
1042 3056 1114 3109 0001
1129 3067 1182 3128 pro
1198 3066 1246 3121 eo,
1268 3047 1348 3128 quod

94 3152 139 3208 est
168 3147 344 3219 ostendere,
365 3147 525 3228 indicere,
558 3151 680 3229 prodere
702 3149 812 3230 aliquid
835 3148 934 3228 aliqua
955 3167 1002 3224 re,
1026 3149 1142 3212 Plinius
1165 3158 1196 3211 et
1218 3148 1346 3231 aequales

95 3246 208 3328 aliquot
240 3246 361 3329 (Quint.
384 3247 518 3334 Pallad.)
544 3270 647 3312 vocem
675 3251 777 3312 eadem
800 3249 1015 3330 significatione
1038 3250 1258 3329 conjunxerunt
1279 3269 1346 3312 cum

93 3346 147 3410 inf.
170 3347 296 3427 Agitato
318 3369 440 3430 corpore
461 3350 560 3414 vivere
581 3371 614 3414 00
636 3351 788 3438 confitetur
809 3353 839 3426 3,
864 3350 911 3424 14,
933 3351 962 3412 3.

175 3445 348 3533 Conjcctare
369 3451 389 3513 i.
412 3471 435 3512 0.
458 3472 485 3533 q.
507 3453 659 3536 conjicere.
702 3451 889 3538 Conjectobis
911 3471 947 3513 ex
969 3451 1038 3525 hoc,
1070 3461 1198 3532 quantas
1220 3461 1347 3515 conten·

93 3547 191 3610 tiones
213 3549 389 3614 subierimus
412 3553 441 3626 3,
463 3553 493 3625 9,
514 3553 564 3617 26.
586 3549 615 3630 7,
638 3548 688 3628 27,
713 3553 758 3616 14.
781 3556 856 3617 Pan.
880 3551 930 3615 26.
954 3550 1038 3637 (Ter.
1061 3553 1129 3614 Liv.
1151 3553 1255 3637 post).

176 3646 392 3728 Consummare
418 3653 438 3716 i.
461 3673 488 3734 q.
509 3655 661 3741 propinare.
705 3653 781 3725 Qua
809 3654 839 3716 in
862 3654 1101 3734 emancipatione
1121 3653 1274 3734 implenda
1295 3673 1347 3716 00-

93 3749 155 3813 1001
176 3751 255 3831 exigi
276 3755 494 3816 consummavit
518 3757 564 3829 10,
586 3755 606 3818 4
628 3755 690 3840 (3),
713 3757 741 3818 3.
772 3756 820 3828 10,
842 3756 883 3818 39
906 3754 989 3840 (48),
1004 3753 1033 3816 6.
1060 3753 1131 3838 (Or.
1152 3755 1218 3816 Liv.
1240 3755 1344 3836 post).

177 3848 399 3918 Conoulnerare
430 3857 449 3917 1.
471 3876 495 3917 0.
517 3876 545 3936 q.
567 3855 733 3919 vulnerare.
775 3858 967 3937 Exsanguem
1001 3865 1033 3917 et
1064 3857 1189 3918 ferream
1216 3857 1345 3918 frontem

94 3953 271 4034 nequiquam
304 3953 581 4026 convulnerandam
612 3958 765 4038 praebeant
795 3959 873 4021 Pau.
900 3957 950 4020 35.
985 3955 1092 4042 (Αο01.
1118 3956 1153 4016 Β.
1176 3955 1343 4017 Ararim.

94 4052 164 4132 maj.
188 4055 257 4116 Son.
281 4054 366 4118 Cart.
388 4055 453 4118 001.
475 4055 582 4141 Just).

176 4145 336 4240 Corripere
352 4157 438 4220 uiam
460 4165 618 4238 poetarum
640 4178 721 4222 moro
743 4159 860 4223 dicitur.
903 4161 1004 4222 Tanto
1027 4157 1122 4239 magis
1144 4157 1223 4218 viam
1244 4156 1343 4235 ipsam

93 4254 290 4339 corripiemus
310 4258 341 4332 4,
365 4260 393 4332 l,
415 4255 443 4320 6.
466 4257 572 4342 (Verg.
594 4259 660 4342 al).

99 4429 100 4432 Ἴ
175 4353 307 4440 Culpare
327 4359 347 4422 i.
370 4379 395 4420 0.
417 4379 445 4440 q.
468 4359 647 4444 uituperare,
668 4361 893 4447 reprehendere.
930 4363 965 4427 Si
990 4361 1140 4424 laudanda
1162 4377 1221 4420 non
1242 4356 1343 4432 sileas,

92 4454 155 4536 lpse
177 4455 311 4542 culparis
334 4461 362 4533 l,
383 4459 413 4533 8,
437 4461 483 4538 15.
506 4459 535 4536 5,
556 4462 586 4537 8,
610 4463 658 4525 13.
681 4459 711 4540 7,
735 4460 784 4538 17,
806 4465 834 4526 4.
856 4462 886 4538 9,
911 4463 959 4537 19,
980 4462 1009 4524 8.
1031 4461 1061 4534 9,
1082 4459 1132 4534 26,
1157 4461 1203 4520 10.
1227 4455 1343 4542 (Plaut.

93 4557 159 4620 Ter.
182 4559 273 4640 Verg.
296 4559 351 4624 Ov.
375 4562 449 4624 Hor.
471 4573 546 4644 post.
576 4564 666 4627 Varr.
687 4566 723 4628 L.
739 4565 776 4628 L.
798 4564 828 4642 9,
852 4565 900 4638 15,
923 4562 991 4638 129,
1014 4581 1099 4643 quem
1122 4561 1218 4622 locum
1241 4559 1344 4621 attulit

92 4658 213 4850 {round
236 4658 268 4723 in
289 4661 413 4742 Lexico,
445 4684 525 4728 nunc
551 4664 671 4747 legitur:
695 4667 790 4732 ”Cum
812 4665 1027 4748 vituperandus
1049 4680 1108 4738 non
1130 4661 1171 4725 sit
1193 4658 1343 4726 medicus”

108 4759 154 4825 ed.
176 4761 330 4852 Mueller).
