3226 5332
336 421 376 475 De
398 421 458 478 vita
479 424 508 476 et
529 420 684 476 elocutione
704 415 735 475 0.
759 421 844 476 Plinii
865 422 968 478 Gaecilii
989 423 1115 478 Secundi.
1293 417 1351 478 16¹1

61 598 63 604 '
187 591 360 679 Participr'a
378 613 467 676 pras.
490 603 545 656 aar.
567 601 599 656 et
615 603 703 678 prat.
714 614 801 678 pass.
817 613 896 676 aaepe
920 594 1139 675 conjunguntur
1164 615 1230 659 cum
1255 597 1353 678 parti-

106 694 179 758 culis
200 695 302 779 qucsi,
335 695 461 780 quippe,
492 695 646 778 quamvis,
675 705 844 779 tamquam,
876 717 1070 780 quemqnam.
1113 693 1188 766 Quis
1219 718 1256 759 ex
1287 699 1355 762 istis

106 815 164 858 uou
185 795 274 880 quasi
294 815 398 858 somno
420 806 452 858 et
472 797 589 858 inertiae
611 795 728 858 deditus
750 797 926 859 erubescat?
947 798 976 870 3,
997 796 1027 870 5,
1050 797 1096 860 19.
1128 799 1179 859 Me
1199 798 1289 882 qnasi
1309 799 1356 862 ni·

105 897 161 958 nris
184 898 299 959 fortiter
326 897 501 977 incauteque
520 917 716 982 progressum
738 898 860 978 corripit
882 896 912 972 9,
936 899 985 967 13,
1011 897 1057 960 10.
1101 898 1247 960 Rationes
1268 900 1357 982 quasi

104 995 220 1060 absente
253 1018 299 1060 rue
332 999 526 1078 negleguntur
556 997 586 1073 9,
612 998 659 1073 15,
681 1000 710 1062 2.
755 996 873 1079 Quippe
902 998 1040 1060 omnibus
1062 999 1203 1062 membris
1225 1009 1357 1064 retortas

104 1106 134 1160 et
148 1097 270 1184 fractas
291 1108 396 1160 tantas
419 1119 491 1180 opes
513 1100 585 1162 solis
608 1099 700 1161 oculis
718 1099 823 1161 obibat
833 1099 862 1173 8,
876 1099 925 1172 18,
937 1098 966 1162 9.
998 1099 1113 1161 Nuntio
1127 1099 1181 1162 tibi
1194 1121 1240 1163 me
1252 1102 1357 1182 Ephe·

104 1219 169 1261 sum
193 1200 364 1279 navigasse,
386 1199 523 1283 quamvis
545 1200 703 1262 contrariis
727 1201 824 1262 ventis
845 1209 991 1262 retentum
1016 1200 1063 1274 10,
1087 1200 1124 1262 15
1148 1199 1229 1286 (26).
1264 1201 1293 1263 T
1291 1225 1357 1265 nm·

103 1321 196 1384 qnam
206 1300 307 1382 aliqua
319 1299 384 1380 lege
398 1309 516 1382 cogente
528 1303 556 1377 3,
568 1300 597 1374 5,
611 1301 657 1362 13.
679 1303 753 1382 Ego,
766 1321 951 1384 quamquam
961 1299 1094 1381 plurimis
1110 1303 1357 1383 occupationibus

103 1400 258 1475 distentus,
279 1401 400 1463 adnitar
422 1403 451 1475 6,
477 1401 524 1476 18,
550 1403 575 1464 1.
599 1401 661 1464 cfr.
687 1402 713 1475 1,
738 1405 785 1476 12,
808 1403 836 1464 3.
858 1401 887 1475 6,
909 1402 959 1475 20,
982 1402 1030 1462 20.
1053 1400 1083 1476 6,
1098 1401 1149 1473 28,
1167 1404 1192 1463 l.
1215 1402 1245 1477 8,
1263 1399 1311 1478 17,
1327 1407 1356 1468 2.

106 1502 152 1576 10,
174 1503 215 1566 54
237 1500 320 1586 (62),
341 1505 370 1564 2.
392 1504 466 1565 Pan.
482 1503 511 1564 5.
555 1498 748 1586 Quamquam
776 1503 906 1564 nondum
933 1502 1064 1583 periculo
1093 1502 1358 1587 adpropinquante

105 1603 241 1666 sarcinas
263 1604 429 1666 contulerat
450 1604 481 1665 in
504 1623 595 1665 navas
616 1601 646 1677 6,
670 1602 718 1677 16,
742 1604 788 1665 12.
818 1604 865 1678 10,
891 1604 949 1664 120
971 1601 1075 1687 (121),
1097 1605 1125 1664 2.
1158 1603 1297 1686 (Madvig
1317 1605 1356 1667 ad

105 1704 167 1768 llic.
189 1705 256 1766 Fiu.
279 1704 309 1779 5,
331 1705 380 1778 28,
401 1703 442 1766 68
463 1705 592 1779 dubitat,
620 1724 691 1766 num
721 1704 823 1767 Cicero
851 1702 1068 1785 '’quamquam’'
1089 1704 1268 1784 particulam
1290 1726 1356 1768 oum

106 1805 262 1886 participio
277 1806 466 1885 conjunxerit
472 1826 481 1882 ;
504 1825 598 1886 neque
613 1813 713 1867 tamen
729 1807 819 1867 audet
830 1806 984 1885 corrigere,
997 1805 1074 1885 quod
1088 1805 1209 1884 legitur:
1230 1804 1357 1887 ”quam-

105 1925 193 1986 quam
221 1907 418 1986 expetenda.”
461 1907 523 1969 cfr.
553 1913 697 1986 praetcrea
724 1907 862 1986 Madvig,
889 1905 979 1968 ’'Lat.
1002 1905 1221 1986 Sprachlehre”
1248 1906 1262 1988 6
1284 1907 1357 1982 424,

106 2005 185 2068 Anu.
208 2007 239 2070 4.
282 2008 412 2086 Draeger,
433 2008 452 2069 l.
472 2009 488 2069 Ι.
511 2008 583 2086 Peg.
606 2002 656 2069 73.
692 2006 766 2070 Sall.
789 2008 857 2086 Jug.
879 2006 930 2080 43,
954 2004 997 2090 l).
1039 2007 1110 2069 Jarn
1132 2007 1213 2087 apud
1234 2007 1357 2070 Cicero-

106 2126 171 2170 nem
194 2127 260 2170 cum
284 2108 440 2188 participio
459 2109 627 2188 junguntur
655 2126 770 2182 earum,
792 2127 865 2189 quas
888 2127 941 2186 ego
964 2107 1068 2182 attuli,
1090 2108 1303 2188 particularum
1325 2117 1358 2170 ct

105 2216 136 2269 ct
155 2210 259 2292 quasi,
281 2209 361 2288 apud
382 2209 501 2270 Livium
523 2209 613 2270 etiam
635 2217 806 2292 tamqnam,
828 2207 955 2292 an‘qrpe,
976 2208 1122 2292 qnamoc's.

187 2309 271 2373 Satis
293 2310 365 2371 dure
387 2307 535 2371 ablativos
554 2307 723 2383 absolutus,
751 2310 800 2390 qui
822 2319 956 2384 vocatur,
978 2310 1092 2390 positus
1114 2318 1174 2372 est:
1207 2309 1271 2370 Neo
1292 2309 1357 2371 Eu-

105 2410 221 2490 molpus
249 2431 303 2473 uec
330 2409 517 2492 Archippus,
549 2431 734 2494 quamquam
760 2411 896 2491 plurimis
925 2411 1029 2473 diebus
1051 2409 1226 2494 expectatio,
1258 2410 1357 2473 adhuc

105 2511 176 2572 mihi
209 2511 323 2573 libellos
356 2513 503 2574 dederuut
536 2511 584 2585 10,
605 2510 643 2573 81
669 2509 751 2595 (85),
773 2510 802 2574 6.
846 2511 919 2573 Alia
950 2513 1086 2592 exempla
1112 2532 1185 2574 usus
1208 2510 1358 2593 participii

104 2611 169 2674 haeo
199 2622 270 2674 suut
302 2613 573 2674 commemoranda:
609 2613 757 2692 Agnoscit
783 2622 943 2675 narratam
969 2613 1027 2674 sibi
1055 2611 1182 2697 effigiem
1204 2606 1234 2686 7,
1256 2607 1307 2687 27,
1327 2611 1357 2674 8.

104 2713 206 2774 Etiam
222 2714 251 2774 in
266 2713 481 2776 exclamatione
496 2713 686 2793 participium
701 2720 871 2794 usurpatur.
892 2713 1030 2775 Lacessis
1045 2714 1193 2775 hominem
1203 2713 1267 2794 jam
1279 2733 1358 2794 prae-

105 2816 215 2877 fectum
236 2815 347 2888 aerarii,
369 2823 516 2895 praeterea
537 2835 598 2897 qua
617 2813 729 2896 qratia,
751 2815 857 2894 quibus
878 2815 1018 2876 amicitiis
1038 2813 1172 2898 saltum!
1196 2813 1359 2889 9,13,11.

105 2914 155 2976 Ad
187 2924 354 2978 extremum
387 2915 676 2978 commemorandum
709 2922 756 2976 est
788 2915 864 2976 Pan.
887 2914 928 2976 54
949 2915 1020 2996 legi:
1052 2917 1096 2978 Te
1122 2934 1181 2978 non
1202 2915 1306 2977 brevis
1328 2922 1361 2978 et

102 3015 249 3100 pudendo
271 3017 444 3096 praedicatio
467 3016 538 3079 colit
550 3015 591 3102 ¹).
635 3015 698 3078 Cir.
720 3013 751 3089 5,
775 3017 812 3078 13
834 3013 918 3100 (14),
940 3014 969 3078 9.

187 3218 222 3280 Iu
244 3237 302 3280 usu
322 3226 489 3302 temporum
510 3218 575 3281 haec
598 3221 658 3282 fere
672 3226 743 3280 suut
757 3217 1041 3281 animadvertenda:
1063 3219 1205 3292 Plinium,
1227 3219 1277 3302 qui
1291 3237 1358 3280 ma-

107 3338 196 3398 gnam
220 3319 363 3382 orationis
386 3320 445 3381 vim
471 3327 502 3381 et
524 3319 742 3382 vehementiam
764 3320 935 3392 affectaret,
957 3339 1038 3400 saepa
1060 3340 1144 3383 usum
1168 3340 1234 3382 esse
1256 3321 1359 3402 ”prae-

104 3421 184 3482 senti
205 3418 365 3483 historico''
392 3421 522 3482 maxime
549 3421 579 3482 in
607 3421 758 3502 epistulis,
790 3420 897 3502 quibus
919 3439 967 3482 res
989 3422 1037 3483 vel
1060 3421 1117 3484 loci
1140 3421 1357 3496 describantur,

106 3540 144 3584 ex
175 3542 206 3584 se
237 3530 372 3602 apparet.
406 3521 466 3584 Cir.
489 3530 596 3602 preter
622 3523 698 3585 alios
724 3522 804 3586 locos
832 3523 863 3597 2,
885 3522 936 3596 20,
956 3522 986 3585 8.
1009 3521 1039 3598 6,
1061 3524 1110 3599 20,
1131 3523 1161 3587 8.
1186 3524 1234 3587 12.
1258 3524 1305 3586 13.
1327 3518 1358 3598 7,

105 3622 155 3696 33,
176 3617 205 3686 7.
227 3622 257 3695 9,
280 3623 328 3698 13,
352 3623 399 3685 10.
421 3621 451 3698 9,
472 3623 524 3697 33,
545 3623 575 3686 4.

188 3737 328 3802 Praesens
360 3739 457 3802 minus
485 3740 596 3802 usitato
624 3740 794 3822 adjungitur
820 3739 975 3821 partioulae
999 3751 1177 3827 postquam,
1209 3743 1259 3824 qui
1285 3762 1356 3806 usus

106 3839 182 3903 satis
209 3860 294 3903 rarus
324 3851 370 3904 est
397 3841 476 3922 apud
504 3861 605 3904 omnes
626 3842 797 3922 scriptores.
840 3840 1008 3926 Postquam
1028 3841 1059 3904 in
1080 3844 1268 3907 Laurentino
1289 3863 1356 3906 mco

107 3952 161 4004 aut
192 3939 254 4024 leqo
287 3940 399 4022 aliquid
431 3951 484 4004 aut
515 3941 612 4006 scribo
645 3944 672 4018 1,
694 3940 724 4018 9,
746 3942 775 4003 4.
818 3939 990 4026 Postquam
1017 3943 1171 4027 polliceris
1202 3939 1232 4018 7,
1253 3946 1304 4020 22,
1328 3945 1356 4008 1.

106 4039 274 4127 Postquam
306 4061 364 4106 noo
397 4051 440 4106 est
471 4043 517 4106 oui
549 4045 711 4107 suadeatur
741 4043 791 4124 qui
819 4043 965 4106 suadeant
986 4062 1044 4104 nou
1070 4053 1141 4107 suut
1165 4046 1240 4108 Pan.
1267 4046 1304 4108 41
1317 4044 1356 4129 ²).

107 4143 252 4207 Similiter
272 4163 402 4224 presens
423 4144 596 4225 adjungitur
617 4143 770 4226 particula
794 4153 835 4206 nt.
883 4141 923 4206 Ut
944 4164 990 4207 me
1010 4153 1041 4207 et
1062 4153 1188 4208 matrem
1209 4147 1357 4221 sedentes,

108 4263 153 4305 me
175 4263 245 4307 varo
267 4244 358 4306 etiam
382 4245 527 4325 legentem
548 4247 626 4311 uidet
647 4246 676 4323 6,
697 4248 748 4320 20,
769 4245 798 4308 5.

156 4457 177 4541 ¹)
200 4466 250 4521 cfr.
273 4466 359 4530 Neue,
381 4467 433 4521 ll.
455 4466 572 4520 Zvveiter
593 4467 681 4531 Thsil,
702 4468 770 4539 Pag.
793 4466 863 4521 483.

108 4543 250 4711 11241’3}
271 4553 362 4694 1235121d.
384 4556 460 4609 Tura.
483 4571 503 4608 s.
527 4569 560 4617 v.,
582 4555 651 4626 Pag.
674 4555 744 4611 499.
788 4555 917 4626 Draeger,
945 4550 1004 4605 11.
1034 4551 1103 4624 Pag.
1127 4552 1176 4608 to.
1219 4555 1357 4620 Kiihuast,
