3264 5332
254 467 293 523 66
750 467 775 523 J.
798 465 829 520 P.
852 467 1018 538 Lagergren.

335 635 524 722 Proprietas.
567 636 658 717 Apud
682 648 796 700 veteres
818 639 977 719 scriptores
1001 638 1065 700 hac
1087 655 1147 700 vox
1160 635 1309 714 significat
1327 636 1501 717 qualitates,

254 739 358 819 quibus
390 758 436 800 res
461 739 539 799 inter
560 755 592 799 se
614 737 765 813 differant,
797 740 877 819 apud
897 739 1027 802 Plinium
1050 739 1170 819 ponitur
1192 737 1228 797 de
1251 735 1409 799 uerborum
1436 757 1502 798 oum

252 860 285 902 re
305 837 513 901 conuenientia.
556 836 624 909 Quo
652 858 756 918 genere
785 840 1004 903 exercitationis
1021 838 1194 923 proprietas
1214 838 1414 918 splendorque
1436 857 1504 899 ver·

253 941 356 1004 borum
385 932 558 1019 paraturi,
580 937 609 1013 9,
631 941 658 1000 2.
682 937 826 1020 (Quint).

335 1039 501 1102 Rustioitas
533 1041 612 1119 apud
643 1040 782 1103 Ovidium
810 1041 931 1121 ponitur
961 1041 1000 1103 ad
1029 1047 1166 1103 naturam
1193 1039 1322 1102 hominis
1343 1039 1450 1101 inculti
1472 1050 1502 1101 et

238 1140 391 1208 inurbani
413 1141 629 1214 denotandam,
651 1142 730 1220 apud
751 1141 880 1204 Plinium
903 1151 1058 1222 utrumque
1079 1151 1240 1221 usurpatur
1261 1141 1299 1203 ad
1322 1140 1502 1220 simplicita-

254 1249 312 1302 tem
347 1259 458 1302 morum
493 1250 523 1302 et
554 1240 754 1320 integritatem
777 1242 1013 1322 significandam.
1058 1242 1187 1304 Multum
1211 1241 1391 1322 frugalitatis
1413 1253 1502 1321 atque

253 1341 340 1404 etiam
363 1339 537 1402 rusticitatis
558 1342 688 1421 entiquae
709 1342 820 1404 retinet
843 1342 870 1416 l,
895 1345 942 1414 14,
965 1343 993 1404 4.

342 1437 484 1505 Velocitos
511 1442 546 1504 de
571 1440 716 1505 celeritate
747 1443 892 1506 orationis
919 1442 1036 1507 dicitur.
1080 1442 1192 1506 Verum
1222 1442 1291 1504 huic
1313 1441 1370 1523 ipsi
1394 1442 1500 1504 Pericli

254 1561 306 1604 nec
321 1542 373 1604 illa
394 1539 502 1604 πειθώ
523 1562 578 1604 uec
600 1543 671 1606 illud
694 1541 795 1628 ἐκήλει
817 1545 963 1606 brevitate
986 1545 1033 1605 vel
1055 1541 1203 1606 uelocitate
1225 1543 1272 1604 vel
1295 1550 1421 1624 utraque
1440 1543 1502 1605 sine

252 1643 398 1705 facultate
421 1663 540 1705 summa
562 1644 738 1723 contigisset
761 1647 790 1720 1,
812 1646 862 1720 20,
886 1645 934 1709 18.
958 1643 1106 1729 (Quint).

339 1741 446 1806 Vilitos
479 1744 560 1825 apud
593 1754 708 1806 veteres
736 1746 896 1826 scriptores
927 1765 984 1807 non
1007 1754 1168 1826 usurpetur
1190 1743 1247 1807 nisi
1268 1745 1389 1825 propria
1410 1745 1502 1825 signi-

251 1843 388 1906 ficatione
416 1847 452 1907 de
476 1863 568 1926 parvo
591 1845 686 1924 pretio
708 1848 765 1920 rei,
794 1847 844 1907 sed
867 1848 945 1926 apud
967 1847 1100 1908 Plinium
1119 1865 1173 1926 per
1195 1845 1424 1908 translationem
1448 1865 1502 1927 po-

251 1945 332 2008 nitur
354 1947 412 2007 tere
434 1965 487 2026 pro
508 1946 728 2028 contemptione.
761 1946 860 2008 Video
883 1949 990 2009 resultas
1013 1947 1122 2008 misera
1143 1947 1232 2009 simul
1247 1954 1276 2007 et
1290 1946 1412 2025 ingrata
1427 1948 1501 2008 ime-

250 2046 316 2126 gine
339 2045 492 2108 industriae
515 2046 552 2108 ad
574 2043 716 2108 uilitatem
737 2048 783 2108 sui
805 2048 958 2127 pervenire
980 2045 1008 2120 9,
1031 2049 1059 2121 3,
1082 2050 1110 2109 2.
1134 2043 1355 2131 (Sentium).

332 2145 513 2208 Addendum
530 2153 578 2208 est
593 2147 718 2210 tortasse
732 2146 888 2230 loquentia
903 2148 1095 2220 vccabulum,
1110 2148 1204 2228 quod,
1225 2155 1382 2228 postquam
1399 2167 1501 2210 emen-

250 2247 338 2308 datus
361 2257 408 2308 est
429 2247 512 2310 locus
534 2246 583 2307 ille
606 2247 680 2310 Sall.
699 2249 765 2311 Oet.
788 2247 817 2320 5,
831 2248 859 2321 4,
883 2269 939 2310 non
964 2249 1081 2310 videtur
1103 2257 1172 2310 ente
1195 2256 1366 2328 argenteam
1384 2258 1500 2311 aetatem

251 2355 386 2422 exstare3
418 2348 497 2427 apud
530 2347 658 2409 Plinium
691 2349 892 2423 inventuri,
913 2349 964 2423 20,
986 2348 1016 2422 5,
1048 2350 1099 2411 ubi
1127 2349 1225 2412 Julius
1248 2348 1403 2411 Candidus
1433 2369 1500 2411 usus

250 2466 315 2508 esse
344 2456 492 2511 narratur.
541 2447 639 2510 Julius
668 2449 820 2512 Candidus
848 2469 906 2512 nou
934 2451 1089 2512 invenuste
1111 2450 1185 2512 solet
1207 2449 1303 2512 dicere
1333 2449 1500 2512 aliudesse
1572 2437 1578 2442 ’

250 2547 447 2628 eloquentiam
471 2547 551 2610 eliud
573 2547 762 2631 loquentiam.
795 2551 862 2612 Hoc
884 2550 948 2613 loco
970 2550 1048 2612 idem
1071 2551 1129 2612 iere
1151 2557 1208 2625 est,
1231 2549 1308 2631 quod
1326 2547 1500 2632 loquacitas.

249 2645 336 2731 (Vel.
358 2647 448 2710 Prob.
471 2667 519 2730 ep.
542 2649 618 2711 Gall.
645 2650 671 2724 1,
697 2650 743 2725 15,
769 2647 831 2734 18).

332 2780 405 2843 Haec
434 2784 495 2843 lere
520 2783 709 2846 substantiva
737 2786 889 2846 abstracta
911 2781 1147 2845 in-tos-tudo-io
1173 2781 1314 2845 exeuntia
1336 2784 1374 2845 ab
1397 2785 1500 2865 adjec-

247 2881 316 2941 tivis
344 2881 433 2943 ducta
466 2883 556 2944 etiem
584 2884 663 2963 apud
692 2887 859 2965 superiores
888 2885 1047 2966 scriptores
1081 2884 1185 2946 iisdem
1213 2883 1501 2964 significationibus,

247 2982 354 3062 quibus
376 2983 455 3062 apud
478 2983 623 3058 Plinium,
645 2986 696 3046 sed
720 2985 814 3048 rarius
838 2995 976 3047 exstent:

329 3080 519 3156 Desuetudo,
541 3103 599 3146 vox
621 3087 785 3161 rarissima,
808 3086 1008 3166 praeeuntibus
1029 3084 1115 3146 Livio
1138 3093 1169 3146 et
1190 3084 1313 3159 Ovidis,
1335 3085 1415 3166 apud
1437 3085 1501 3148 Pli-

247 3181 327 3244 nium
349 3191 458 3246 exstat.
501 3185 577 3246 Post
599 3186 713 3266 longam
736 3184 959 3249 desuetudinem
980 3180 1009 3257 7,
1031 3185 1062 3259 4,
1084 3184 1112 3246 5.

328 3280 509 3367 Ipnorantia
540 3305 592 3365 pro
625 3286 826 3371 ignoratione,
858 3285 1016 3348 inscientia
1043 3303 1102 3346 uno
1130 3286 1194 3348 loco
1223 3305 1294 3348 usus
1323 3293 1370 3346 est
1397 3285 1501 3348 Cicero

247 3380 361 3467 (Acad.
384 3394 460 3465 post.
485 3386 634 3460 1,11,42.
668 3389 782 3450 Contra
804 3387 865 3449 Cic.
889 3385 959 3446 Arri.
987 3384 1032 3459 19,
1044 3380 1085 3447 70
1108 3406 1186 3448 nune
1208 3387 1328 3466 legitur:
1352 3386 1502 3467 ”Propter

246 3484 460 3562 ignorationem
484 3487 633 3572 stirpis’'),
657 3508 714 3550 uno
738 3488 801 3550 loco
825 3486 927 3548 Ceasar
944 3485 994 3568 (B.
1008 3485 1040 3548 G.
1054 3487 1082 3560 3,
1095 3484 1149 3548 68:
1183 3486 1375 3566 ”Ignorantia
1399 3481 1500 3574 loci'),

246 3603 305 3648 uno
327 3585 491 3649 Sallustius
514 3585 569 3671 (H.
592 3589 623 3660 3,
642 3587 692 3662 61,
708 3587 773 3672 25),
796 3586 944 3648 nonnullis
968 3587 1040 3648 locis
1062 3586 1163 3666 Nepos
1186 3596 1218 3648 et
1240 3587 1375 3650 Ovidius.
1409 3587 1500 3670 Apud

246 3685 426 3765 posteriores
449 3688 566 3750 demum
589 3688 748 3768 scriptores
771 3707 830 3748 vox
852 3695 958 3767 coepta
980 3695 1026 3748 est
1049 3687 1240 3767 frequentari.
1273 3687 1410 3749 Priorum
1423 3697 1501 3750 tem-

246 3805 349 3866 porum
378 3788 507 3850 servitus
533 3787 609 3866 juris
632 3787 775 3849 senatorii
797 3787 977 3848 oblivionem
1002 3788 1149 3868 quandam
1174 3795 1204 3848 et
1225 3787 1431 3872 ignorantiam
1453 3789 1500 3849 in-

246 3888 331 3948 duxit
357 3887 389 3962 8,
414 3888 460 3962 14,
483 3890 512 3949 2.
542 3889 590 3961 10,
612 3887 631 3950 6
653 3887 741 3971 (22),
763 3891 791 3950 2.
827 3888 875 3962 10,
896 3887 937 3948 45
961 3886 1043 3971 (54).
1079 3888 1126 3963 10,
1149 3887 1189 3950 96
1210 3885 1292 3974 (97),
1317 3889 1342 3950 1.
1377 3887 1499 3972 (Quint.

246 3987 317 4050 Tac.
341 3988 425 4050 Suet.
448 3987 536 4050 Galb.
559 3989 609 4049 20.
632 3988 702 4051 Sen.
725 3989 798 4051 Ben.
821 3984 851 4063 7,
873 3990 922 4062 23,
945 3989 975 4062 3,
999 3985 1064 4072 al).

328 4086 521 4172 Malignitos,
547 4098 697 4168 praeeunte
720 4089 818 4164 Livio,
851 4089 1047 4152 usitatissima
1078 4109 1135 4151 vox
1162 4097 1207 4150 est
1235 4089 1314 4168 apud
1337 4089 1498 4170 scriptores

246 4187 305 4248 l'ere
328 4206 446 4262 omnes,
468 4188 517 4269 qui
546 4198 614 4268 post
635 4187 764 4269 Augusti
785 4199 903 4252 aetatem
928 4191 1059 4263 luerunt,
1088 4209 1142 4270 pro
1165 4186 1378 4252 malevolentia.
1422 4191 1498 4269 Epi-

245 4288 326 4350 stula
357 4286 541 4373 malignitati
572 4289 834 4369 interpretantium
869 4289 1027 4369 exponitur
1058 4288 1088 4364 5,
1110 4284 1139 4364 7,
1161 4289 1189 4352 6.
1222 4288 1251 4363 9,
1273 4289 1302 4363 5,
1326 4291 1354 4351 2.
1386 4291 1435 4365 10,
1458 4289 1498 4352 94

246 4382 329 4471 (95),
350 4390 379 4450 2.
423 4389 568 4453 Similiter
594 4388 745 4474 nsalipnus
766 4390 945 4470 adjectivum
969 4397 1123 4471 petitarum
1147 4409 1226 4452 ruore
1248 4390 1370 4469 ponitur
1391 4399 1422 4453 et
1444 4410 1497 4471 pro

246 4485 404 4561 malevol03
427 4487 598 4572 Malipnum
610 4500 666 4565 est,
688 4509 746 4553 nou
759 4491 898 4552 admirari
914 4490 1061 4552 horrtinem
1077 4491 1273 4552 admiratione
1291 4488 1495 4570 dignissimum

248 4585 276 4658 l,
301 4586 349 4662 16,
371 4586 400 4652 9.
432 4590 494 4653 cfr.
516 4584 546 4667 7,
569 4590 619 4666 24,
641 4594 669 4653 3.
702 4585 733 4665 7,
755 4590 804 4665 26,
826 4593 845 4652 2
853 4609 862 4665 ;
889 4599 919 4652 et
940 4611 992 4672 pro
1014 4588 1123 4665 sterili,
1145 4588 1315 4674 insecundo.
1360 4589 1494 4660 Quarum

247 4687 384 4751 arborum
407 4691 460 4752 illa
482 4693 565 4753 ierax
586 4701 668 4756 terre
689 4700 748 4766 est,
775 4689 936 4774 malipnior
957 4691 1061 4754 ceteris
1083 4692 1113 4766 2,
1136 4684 1185 4765 17,
1208 4689 1257 4752 15.
1280 4689 1431 4755 OinPan.
1444 4691 1494 4754 31.
