3264 5332
325 470 365 525 De
388 470 448 526 vita
469 472 498 526 et
519 469 674 525 elocutione
696 468 725 524 G.
749 469 834 524 Plinii
855 468 958 525 (1ωοῦἰί
980 468 1106 525 Secundi.
1304 463 1342 518 ‘15

91 639 214 727 forma,
242 641 362 726 facies,
394 641 510 725 imago,
538 644 590 705 sed
611 643 690 724 apud
712 643 844 706 Plinium
866 642 1014 722 significat
1034 639 1129 712 idem,
1150 637 1228 720 quod
1249 653 1344 696 casm.

99 743 172 803 Haee
198 761 313 823 quoque
341 742 450 826 speeies
470 744 576 806 incidit
596 744 626 805 in
653 745 852 824 cognitionem
881 763 978 805 meam
1002 742 1050 815 10,
1071 739 1112 802 66
1133 734 1218 824 (64),
1239 737 1268 798 4.
1297 735 1346 807 10,

96 840 134 904 96
157 837 240 926 (97),
262 844 292 906 4.
314 845 419 925 Neque
450 854 551 906 tamen
585 845 633 908 hic
665 865 735 906 usus
764 845 901 907 vocabuli
932 843 1057 906 maltum
1090 841 1189 902 differt
1220 838 1258 899 ab
1294 853 1345 908 co,

97 943 146 1005 abi
172 943 327 1024 signifieat
351 947 462 1007 formas
485 965 512 1008 v.
535 955 637 1027 partes
657 946 735 1007 inter
755 965 787 1007 se
809 945 998 1019 differentes,
1020 961 1085 1023 quaa
1107 938 1207 1020 generi
1229 937 1344 1000 cuidam

96 1044 240 1118 subsunt,
273 1065 404 1126 quasque
437 1065 530 1126 genus
563 1046 761 1128 amplectitur.
815 1045 875 1108 (lt'r.
905 1045 967 1107 Oic.
993 1046 1068 1124 Top.
1096 1037 1127 1118 7,
1150 1043 1202 1102 30.
1224 1041 1291 1112 lnv.
1319 1037 1346 1110 l,

96 1139 146 1220 27,
167 1145 217 1207 40.
241 1145 269 1220 l,
289 1145 340 1219 28,
361 1146 411 1208 42.

184 1243 288 1310 Verria.
338 1245 434 1310 Venia
464 1248 505 1309 eit
535 1247 615 1310 dicto
646 1249 675 1324 5,
698 1246 727 1322 6,
749 1247 799 1310 46.
842 1246 956 1308 Eodem
982 1244 1070 1306 modo
1099 1241 1190 1305 dixit:
1227 1239 1348 1323 Iupuae

97 1346 210 1410 diuisae
234 1345 319 1410 liceat
343 1347 497 1424 8,11,2.
545 1349 703 1428 Ejusmodi
735 1348 933 1411 locutionibus
964 1345 1095 1407 Romani
1121 1345 1283 1405 utebantur
1310 1340 1346 1402 ad

96 1447 172 1510 iram
194 1448 316 1510 deorum
338 1450 549 1526 avertendam,
572 1450 646 1524 rati,
669 1450 695 1511 si
717 1451 781 1530 quis
805 1450 954 1511 fortunam
972 1446 1092 1525 jactans
1113 1445 1272 1524 superbum
1291 1440 1348 1502 ali-

97 1549 166 1629 quid
188 1549 328 1624 dixisset,
360 1552 439 1631 quod
460 1551 629 1632 displiceret
651 1551 723 1624 diis,
756 1550 899 1612 ultionem
925 1550 1045 1610 deorum
1067 1564 1184 1624 semper
1206 1562 1270 1605 esse
1291 1563 1347 1622 pa-

97 1658 205 1712 ratam.
249 1649 384 1713 Gonicrri
417 1661 529 1732 potest,
561 1653 638 1732 quod
671 1671 750 1731 saepe
783 1651 891 1730 legitur
922 1649 1002 1730 apud
1032 1656 1147 1708 veteres
1170 1645 1347 1724 scriptores:

98 1748 210 1814 ’'Beue
231 1751 317 1814 reaia
339 1751 485 1827 diumim,
508 1750 590 1816 Pace
611 1750 742 1835 alicujus
763 1752 906 1826 diuerim,
929 1750 1027 1814 elicere
1048 1743 1162 1810 liceat.'’

179 1885 254 1947 Haec
275 1886 302 1948 ci
324 1906 389 1949 cum
413 1886 578 1968 aequalibus
600 1888 769 1950 communia
790 1894 874 1948 sunt:

178 1982 257 2050 Acte
283 1985 417 2070 publice.
461 1986 513 2049 Sic
544 1998 611 2050 acta
642 1987 760 2051 urbana
788 2009 816 2051 v.
838 1996 904 2050 acta
926 2007 1028 2050 rerum
1048 1982 1250 2056 urbanorum,
1283 1999 1348 2061 quae

97 2088 174 2151 sicut
203 2095 269 2149 aete
296 2097 416 2152 secatus
438 2089 620 2151 conficienda
643 2099 674 2152 et
695 2090 813 2170 publico
836 2089 900 2151 loco
922 2085 1116 2168 proponenda
1138 2083 1240 2146 Caesar
1262 2101 1348 2144 cura-

95 2196 198 2262 verat,
220 2199 254 2249 ut
274 2189 343 2250 inde
368 2190 502 2270 cognosci
525 2199 644 2272 posset,
667 2211 732 2272 quaa
753 2211 800 2252 res
822 2189 1003 2271 gravissimae
1025 2187 1129 2249 Rcmae
1150 2185 1269 2256 fierent,
1290 2182 1348 2244 dici

95 2299 206 2371 coepta
237 2300 322 2364 sunt,
355 2299 510 2371 postquam
540 2300 606 2354 acta
633 2301 753 2354 serratus
780 2292 818 2355 ab
847 2291 984 2370 Augusto
1012 2288 1106 2349 vetita
1133 2293 1204 2348 suut
1226 2283 1346 2364 vulgari.

94 2393 154 2453 Est
175 2390 205 2451 in
224 2389 356 2473 publicis
377 2391 450 2452 aetia
471 2391 501 2465 5,
525 2393 562 2453 13
584 2390 668 2478 (14),
690 2391 720 2454 8.
743 2387 773 2467 7,
795 2394 845 2468 33,
868 2392 896 2452 3.
923 2392 998 2452 Pan.
1022 2384 1069 2451 75.
1093 2385 1182 2472 (Tac.
1206 2381 1314 2469 Suet).

180 2487 315 2554 Cervical
346 2512 399 2572 pro
427 2490 556 2576 purlaico
588 2495 716 2574 positum
751 2503 807 2555 est.
851 2489 1017 2554 Cervicalia
1041 2488 1191 2569 capitibus
1218 2486 1350 2566 inposita

97 2591 197 2654 linteis
220 2593 426 2673 constringunt
448 2592 478 2668 6,
502 2592 550 2667 16,
574 2594 620 2658 16.
646 2595 735 2675 (Plio.
758 2595 827 2675 maj.
850 2593 934 2656 Suet.
956 2593 1039 2654 Petr.
1062 2592 1131 2654 Juv.
1154 2585 1270 2670 Mart).

100 2679 106 2692 ''
179 2691 371 2755 Donaticum
392 2693 548 2757 dicebatur
571 2714 675 2758 munus
698 2696 842 2758 militibus
864 2696 967 2756 datum
990 2694 1029 2754 ab
1044 2690 1286 2771 imperatoribus.'
1314 2688 1349 2750 Id

98 2813 206 2856 nomeu
239 2812 298 2856 nou
332 2804 533 2874 cognoverant
562 2805 677 2859 veteres
702 2798 880 2878 scriptores,
913 2795 962 2877 qui
984 2793 1134 2875 congiaria
1156 2790 1351 2871 appellabant

97 2895 188 2958 etiarn
213 2915 248 2958 aa
270 2915 408 2971 munera,
432 2916 497 2977 quaa
518 2897 663 2962 militibus
685 2901 750 2960 deri
772 2899 919 2960 solebant.
962 2897 1074 2958 Postea
1096 2892 1280 2972 congiarium
1302 2891 1349 2953 di-

98 2997 223 3059 cebatur
245 3017 352 3059 munus
374 2996 482 3078 populo
504 2999 617 3062 datum.
659 3001 772 3062 Datum
794 2997 978 3080 congiarium
1000 2997 1109 3078 populo
1131 3003 1162 3056 et
1184 2994 1287 3055 datum
1302 3001 1351 3054 to-

98 3106 178 3172 tum,
200 3118 266 3160 cum
289 3097 424 3161 donativi
444 3107 560 3178 partem
584 3100 691 3162 milites
714 3101 899 3181 accepissent
920 3100 996 3160 Pan.
1009 3097 1057 3160 25.
1070 3096 1119 3157 41.
1135 3094 1223 3178 (Tac.
1236 3092 1350 3176 Suet).

182 3197 333 3262 Notarius
358 3199 513 3262 dicebatur
539 3201 651 3276 scriba,
678 3201 727 3284 qui
754 3203 793 3263 ad
815 3202 958 3281 scriptam
981 3198 1100 3279 aliquod
1121 3195 1255 3259 celeriter
1276 3215 1350 3258 acn-

100 3299 257 3363 iciendum
286 3300 364 3362 notis
392 3301 541 3364 utebatur.
583 3303 634 3364 Ad
661 3303 739 3366 latus
761 3302 897 3364 notarius
918 3320 984 3363 cam
1007 3300 1081 3361 libro
1103 3307 1134 3360 et
1154 3296 1351 3377 pugillaribus

101 3403 129 3475 3,
151 3401 182 3475 5,
206 3400 253 3463 15.
281 3399 311 3476 9,
333 3403 383 3476 20,
405 3403 435 3464 2.
463 3402 493 3476 9,
515 3401 566 3478 36,
588 3405 616 3466 2.
638 3402 758 3486 (Quint.
780 3401 897 3486 Mart).

182 3499 376 3586 Rescriptum
398 3503 554 3566 dicebatur
575 3524 748 3586 responsum
763 3504 890 3568 Caesaris
905 3502 1014 3565 litteris
1031 3499 1251 3580 consignatum,
1273 3498 1352 3579 quod

101 3604 215 3684 petenti
236 3603 348 3685 aliquid
370 3613 423 3666 aut
444 3606 608 3668 consulenti
631 3607 769 3668 dabatur.
812 3607 861 3668 Ex
882 3602 1026 3687 rescripto
1047 3601 1186 3682 intellego
1210 3600 1351 3662 libentius

102 3703 157 3768 hoc
179 3704 205 3767 ei
226 3715 258 3768 te
280 3704 472 3785 praestitisse,
493 3706 562 3787 quia
584 3726 638 3787 pro
660 3726 706 3769 me
727 3708 855 3786 rogabat
879 3707 925 3779 lc,
948 3707 978 3780 2,
1003 3706 1028 3766 l.
1052 3700 1140 3786 (Tac.
1162 3699 1256 3786 Dig.).

184 3803 362 3891 Spemlerie
384 3807 558 3870 dicebantur
578 3818 683 3870 tennes
707 3807 823 3870 laminae
838 3827 876 3868 ex
890 3805 989 3886 lapide
1004 3805 1150 3884 speculari
1165 3803 1211 3864 vel
1228 3804 1351 3864 fortasse

104 3925 140 3968 ex
160 3909 254 3983 vitro,
276 3907 382 3988 quibus
405 3908 545 3969 fenestra
568 3908 795 3972 claudebantur.
839 3904 1051 3991 specularibus
1072 3905 1245 3967 muniuntur
1266 3901 1352 3984 (pcr-

103 4004 194 4092 ticus)
217 4009 247 4084 2,
270 4002 318 4082 17,
339 4008 367 4070 4.
390 4009 439 4070 21.
467 4007 554 4094 (Son.
576 4008 655 4070 Plin.
677 4008 750 4089 maj.
771 4009 841 4072 Juv.
864 4009 928 4072 Col.
950 4005 1070 4090 Mart).

185 4110 308 4172 Illarum
335 4110 493 4172 verborum
521 4109 633 4172 nullum
658 4109 778 4172 videtur
803 4118 873 4172 ante
901 4118 1071 4191 argenteam
1097 4112 1217 4168 aetatem
1239 4103 1269 4165 in
1297 4122 1353 4165 usu

104 4211 203 4273 fuisse.

185 4312 260 4375 Haec
279 4311 340 4392 jam
357 4311 436 4392 apud
451 4312 618 4393 superiores
634 4312 805 4393 scriptores,
827 4314 879 4375 sed
897 4312 963 4375 aliis
980 4306 1244 4391 significationibus
1262 4325 1351 4388 quam

103 4412 183 4494 apud
205 4412 336 4476 Plinium
358 4419 494 4476 exstant:

187 4511 277 4576 Calor
298 4514 378 4593 apud
392 4513 524 4576 Plinium
546 4533 599 4595 per
620 4515 848 4577 translationem
864 4512 985 4594 ponitur
998 4530 1052 4591 pro
1068 4510 1187 4584 ardore,
1209 4511 1353 4592 adquam

102 4614 334 4677 translationem
357 4621 452 4694 podtae
474 4614 639 4696 Augusteae
661 4617 776 4691 aetatis,
811 4617 890 4678 velut
911 4613 968 4676 Ov.
984 4613 1057 4674 Hor.
1079 4611 1239 4676 transitum
1263 4631 1354 4693 para-

105 4723 227 4791 verant,
248 4735 315 4778 cnm
337 4715 508 4796 frequenter
527 4724 674 4798 ponerent
696 4717 732 4779 de
753 4715 868 4781 ardenti
891 4731 1001 4776 amore.
1036 4713 1172 4776 Dicentis
1188 4711 1270 4777 calor
1284 4732 1355 4776 can-
