3264 5332
236 450 274 505 70
728 445 753 498 J.
778 443 808 499 P.
833 444 998 515 lragcrgren.

317 616 440 684 Auctor.
484 619 551 681 Hoc
583 619 760 681 vocabulum
793 619 912 682 omnino
944 637 998 699 pro
1030 617 1176 699 scriptore
1208 617 1342 700 posuisse
1375 616 1493 678 videtur

236 730 341 786 contra
363 720 608 783 consuetudinem
631 721 808 801 optimorum
831 721 1018 800 scriptorum.
1061 719 1108 780 Tu
1130 718 1300 781 memineris
1322 717 1369 780 sui
1391 717 1493 797 cujus-

236 843 292 906 que
315 822 428 902 geueris
450 829 582 884 auctores
605 821 761 901 diligenter
782 821 887 902 eligere
909 816 984 895 7,9,
1003 819 1050 882 15.
1074 817 1162 905 (Sen.
1184 820 1288 891 Quint.
1312 821 1386 882 Tac.
1409 819 1493 882 Suet.

237 923 300 1007 ab).
344 921 524 985 Praeteriens
552 939 672 997 oroneo,
705 921 834 984 Plinium
861 921 987 984 dixisse:
1020 921 1196 1002 Propositus
1219 928 1266 982 est
1286 918 1407 982 libellus
1430 920 1494 981 sine

238 1033 357 1087 auctore
386 1025 433 1098 10,
455 1021 495 1085 96
518 1017 599 1107 (97),
621 1022 650 1084 4.
680 1020 757 1107 (Otr.
780 1021 864 1085 Suet.
887 1021 965 1103 Aug.
988 1016 1044 1106 70)
1073 1041 1127 1102 pro
1155 1041 1206 1096 eo,
1239 1021 1317 1103 qnod
1346 1029 1393 1083 est
1415 1020 1494 1101 apud

238 1127 412 1190 Ciceronem
435 1124 518 1185 ”sine
540 1123 678 1185 uomine”
701 1122 862 1208 (dictat
879 1121 954 1198 3‚5,
971 1121 1035 1208 12).
1070 1121 1240 1206 (Praeterea
1259 1121 1365 1184 Livius
1387 1120 1494 1183 saltem

240 1229 277 1289 ad
300 1225 381 1288 illum
404 1224 650 1306 significationem
673 1225 832 1287 transitum
855 1220 1001 1308 paravit).

322 1322 498 1390 Circulotor.
541 1325 608 1388 Hoc
630 1344 737 1388 nomen
760 1325 886 1389 Asinius
908 1324 1005 1388 Pollio
1029 1322 1106 1409 (Oic.
1128 1326 1215 1386 Fam.
1238 1323 1285 1397 10,
1305 1323 1356 1396 32,
1378 1321 1415 1407 3)
1437 1321 1495 1383 im-

240 1427 340 1508 posuit
371 1426 497 1500 homini,
530 1426 579 1507 qui
612 1426 764 1489 auctiones
797 1427 1024 1508 frequentabat,
1055 1434 1089 1487 ut
1121 1445 1231 1488 merces
1259 1424 1302 1486 ibi
1327 1423 1379 1485 vili
1400 1422 1495 1504 pretio

241 1538 336 1591 enites
362 1536 468 1608 postea
494 1527 587 1607 pluris
609 1526 764 1601 venderet,
790 1527 895 1588 deiude
916 1527 960 1589 sic
982 1525 1128 1607 appellati
1150 1533 1221 1588 suut
1242 1524 1496 1607 pharmacopola,

242 1630 424 1692 fabulatores
458 1628 565 1708 aliique
600 1628 735 1690 homines
768 1627 1007 1702 circumforanei,
1044 1626 1151 1708 quibus
1184 1628 1315 1708 quaestui
1347 1647 1383 1689 ac
1416 1626 1495 1688 lucro

243 1739 329 1792 eraut
350 1728 524 1811 praestigia,
546 1728 793 1801 narratiuncula,
820 1728 895 1802 alia,
920 1728 1027 1809 quibus
1049 1727 1184 1790 homines
1206 1728 1360 1809 paulisper
1382 1727 1496 1790 detine-

243 1832 318 1893 bant
350 1839 381 1893 at
414 1830 617 1892 delectabant.
661 1830 740 1891 Num
776 1828 867 1891 etiam
900 1837 933 1892 tu
966 1828 1075 1909 Reguli
1099 1829 1206 1892 librum
1230 1836 1265 1892 ut
1285 1826 1448 1892 eircrelater
1468 1828 1496 1888 in

243 1933 305 1996 loro
327 1931 431 2012 legeris
453 1931 483 2007 4,
505 1925 536 2006 7,
558 1929 586 1992 6.
608 1929 704 2014 (Cels.
727 1928 798 1993 Seu.
820 1932 902 1993 Petr.
924 1926 990 2014 al).

326 2031 486 2096 Possesscr
519 2040 625 2094 contra
656 2032 901 2094 consuetudinem
934 2040 1069 2093 veterum
1102 2032 1281 2113 scriptorum
1318 2030 1428 2094 dicitur
1459 2030 1498 2104 is,

243 2133 323 2198 uode
346 2133 469 2217 petitur,
503 2140 533 2195 et
555 2132 714 2213 opponitur
738 2132 870 2215 petitori.
913 2133 1060 2195 Dextrum
1084 2130 1217 2218 (oculum
1241 2129 1497 2215 circumlinebat),

243 2236 271 2298 si
291 2257 310 2298 a
330 2234 469 2316 petitore,
491 2233 629 2308 altorum,
651 2232 677 2294 si
700 2253 719 2294 a
737 2253 907 2315 possessore
928 2242 1007 2297 esset
1028 2242 1149 2296 acturus
1167 2231 1198 2307 6,
1209 2236 1238 2309 2,
1251 2235 1279 2294 2.
1296 2231 1407 2318 (bip).
1437 2232 1498 2294 Εο-

245 2339 310 2400 dem
346 2337 405 2397 lere
439 2335 526 2397 modo
559 2333 664 2405 Quint.
687 2335 712 2395 1.
735 2334 770 2397 Ο.
793 2329 822 2408 7,
846 2335 875 2409 l,
897 2333 938 2396 38
959 2354 1040 2409 eum,
1072 2335 1122 2416 qni
1148 2335 1178 2396 in
1200 2335 1303 2397 schola
1325 2343 1499 2397 controver-

245 2438 321 2500 siam
343 2436 560 2499 defendendam
581 2435 721 2515 suscepit,
739 2455 942 2520 possessorem
964 2435 1037 2497 dicit
1060 2444 1091 2497 et
1113 2436 1235 2516 opponit
1257 2434 1361 2498 actori.

328 2535 379 2598 Ad
403 2546 568 2598 extremum
592 2538 881 2599 commemorandum
902 2544 949 2598 est
963 2535 1157 2611 uocabulum,
1179 2538 1257 2618 quod
1272 2545 1319 2598 est
1330 2534 1498 2620 professor,

245 2639 282 2702 de
304 2656 338 2700 eo
361 2637 445 2717 poni,
471 2637 520 2718 qui
542 2645 636 2699 artem
659 2636 788 2718 aliquam
815 2636 933 2719 publica
955 2638 1125 2719 profitetur,
1147 2657 1200 2718 pro
1220 2646 1411 2722 preceptore,
1432 2655 1499 2698 rna-

243 2738 348 2826 pe‘stro.
392 2739 533 2801 Valerius
559 2737 733 2801 Licinianus
762 2742 841 2821 apud
874 2738 1005 2802 Plinium
1029 2738 1116 2800 dicit:
1148 2737 1332 2824 (Fortuna),
1366 2737 1441 2800 lacis
1463 2756 1500 2800 ex

245 2840 433 2903 senatoribus
462 2837 663 2925 professores,
696 2859 733 2902 ex
761 2838 988 2928 professoribus
1020 2848 1174 2903 senatores
1196 2842 1226 2916 4,
1252 2841 1298 2916 ll,
1321 2842 1349 2904 2.
1378 2837 1499 2925 (Quint.

248 2942 333 3005 Suet.
356 2941 447 3026 Col).

330 3077 404 3138 Haec
426 3077 619 3140 substantiva
647 3076 677 3138 in
699 3076 896 3139 tor-tria-sor
917 3075 1058 3140 exeuntia
1085 3077 1166 3158 apud
1190 3077 1358 3158 superiores
1384 3077 1501 3159 quidem

245 3177 405 3258 scriptores
428 3178 533 3240 iisdem
557 3179 615 3241 lere
638 3179 918 3259 significationibus,
943 3178 1051 3260 quibus
1073 3180 1152 3259 apud
1167 3178 1314 3254 Plinium,
1337 3180 1390 3240 sed
1406 3178 1502 3241 rarius

247 3286 383 3341 exstant:

329 3375 520 3453 Accusatre'a,
542 3399 611 3442 rara
632 3401 692 3444 vox
714 3379 795 3460 apud
816 3379 919 3442 Plaut.
942 3378 1046 3463 (Asin.
1069 3381 1098 3456 3,
1111 3383 1139 3457 l,
1154 3381 1201 3443 10.
1230 3380 1296 3444 ”Tu
1318 3379 1359 3442 mi
1376 3401 1503 3444 accusa-

247 3480 308 3543 trix
329 3477 436 3565 ades'')
458 3481 640 3545 translatam
662 3480 879 3564 quodammodo
901 3480 961 3542 rim
983 3481 1093 3557 habet,
1126 3482 1205 3563 apud
1233 3482 1363 3545 Plinium
1385 3482 1505 3563 proprie

247 3591 417 3662 usurpatur.
440 3583 490 3645 Ita
500 3589 534 3644 ut
546 3581 703 3647 missurum
716 3601 762 3644 me
780 3588 883 3644 notum
901 3582 1078 3646 nemestrice'
1090 3583 1154 3663 ejus
1166 3585 1295 3646 facerem
1309 3584 1357 3658 10,
1369 3583 1409 3647 59
1422 3578 1504 3669 (67).

330 3679 509 3768 Costipctor.
554 3684 651 3747 Nemo
673 3684 837 3768 castipctor
858 3682 986 3745 adsistat
1007 3684 1083 3748 Pan.
1098 3685 1148 3748 40.
1172 3683 1289 3770 (Plaut.
1312 3686 1386 3748 Hor.
1408 3683 1504 3770 Lim).

247 3785 339 3867 Apud
360 3784 488 3846 Plinium
512 3784 621 3850 dicitur
643 3787 680 3849 de
702 3803 749 3861 eo,
777 3783 828 3866 qui
849 3783 1039 3865 imperatoris
1062 3786 1179 3849 nomine
1204 3794 1340 3850 coercere
1363 3787 1506 3850 studebat

247 3894 386 3966 sumptus
408 3885 554 3948 funerum.

330 3985 488 4052 Convertor
518 4006 572 4068 pro
599 3988 737 4063 concisa,
759 3985 867 4052 sodali.
901 3983 1102 4065 Convictores,
1134 4008 1194 4052 non
1221 3988 1346 4051 libertos
1374 3995 1447 4071 puto
1475 3990 1505 4062 2,

248 4087 278 4162 6,
301 4090 330 4151 4.
361 4089 440 4176 (Oic.
462 4088 502 4152 lil.
525 4109 573 4172 ap.
595 4089 659 4154 Cic.
681 4091 768 4152 Fam.
794 4088 840 4165 16,
862 4090 914 4178 21,
935 4090 965 4153 5.
986 4090 1061 4153 Hor.
1083 4089 1138 4155 Or.
1160 4087 1265 4175 post).

332 4189 532 4274 Contemptor.
577 4187 766 4275 Contemptor
793 4190 966 4254 ambitionis
994 4192 1113 4255 animus
1134 4195 1210 4257 Pau.
1232 4193 1282 4257 55.
1315 4191 1425 4279 (Varg.
1447 4192 1504 4258 Or.

249 4289 324 4356 Sall.
347 4295 417 4373 Jug.
442 4290 493 4367 64,
518 4293 544 4355 l.
568 4291 660 4377 uia).

333 4390 447 4457 Cursor
462 4395 544 4475 apud
558 4393 732 4457 Ciceronem
747 4391 895 4473 significat
906 4414 983 4471 eum,
998 4393 1093 4476 quiin
1109 4394 1209 4459 stadio
1224 4415 1313 4459 cursu
1326 4405 1425 4460 certat
1439 4417 1504 4461 cum

250 4493 358 4577 aliquo.
395 4494 488 4576 Apud
509 4495 642 4558 Plinium
664 4493 774 4557 dicitur
796 4494 855 4556 lere
876 4514 930 4577 pro
952 4493 1122 4570 tabellario,
1145 4497 1184 4559 ad
1207 4517 1295 4578 quam
1310 4497 1498 4578 significatio·

250 4617 317 4660 nem
349 4598 427 4677 Nep.
450 4597 529 4660 Milt.
551 4597 621 4672 4,3
653 4594 816 4659 transitum
848 4596 976 4677 paravit.
1024 4598 1107 4661 Data
1128 4617 1218 4679 opera
1240 4617 1361 4662 cursore
1383 4600 1504 4662 dimisso

250 4691 279 4774 7,
302 4700 350 4774 12,
371 4697 400 4762 6.
433 4697 527 4783 (Plio.
551 4697 620 4778 maj.
643 4696 728 4760 Suet.
750 4694 869 4782 Mart).
