3226 5332
249 492 308 546 roo
736 489 761 545 J.
785 489 816 545 u.
839 489 1006 562 uagergren.

332 661 362 724 T
360 659 506 724 adulatus.
547 659 726 722 Tabularum
738 661 855 734 dicitur,
875 662 953 743 quod
968 660 1081 723 tubulis
1099 659 1276 720 instructum
1290 666 1345 720 est.
1369 657 1499 738 (Trans-

246 764 306 826 itus
334 758 530 844 interjacens)
552 759 701 823 tubulatus
723 774 900 843 conceptum
925 781 1064 844 vaporem
1087 760 1145 822 huc
1167 759 1237 822 illuc
1260 759 1371 838 digerit
1393 768 1423 820 et
1446 760 1500 819 mi-

248 865 357 927 nistrat
378 864 407 936 2,
432 855 480 936 17,
502 861 531 924 9.
553 858 649 946 (Plin.
672 862 768 944 maj.)

329 980 451 1043 Illorum
475 981 633 1042 verborum
661 980 773 1042 nullum
797 980 916 1042 videtur
938 980 1018 1060 apud
1041 988 1155 1040 veteres
1178 977 1341 1057 scriptores
1363 975 1499 1038 inveniri.

329 1147 408 1209 Aliis
429 1145 693 1226 significationibus
721 1147 800 1227 apud
829 1156 947 1208 veteres
969 1145 1130 1227 scriptores
1153 1151 1242 1224 atquo
1265 1143 1346 1224 apud
1369 1142 1499 1206 Plinium

247 1259 278 1310 et
299 1249 428 1329 aequales
451 1255 584 1308 exstent:

330 1362 482 1428 Abscisas.
526 1362 713 1445 Quamquam
743 1375 774 1426 et
803 1364 906 1427 Cicero
929 1375 960 1426 et
981 1363 1085 1426 Livius
1114 1382 1167 1443 per
1195 1360 1421 1423 translationem
1446 1361 1500 1422 hac

247 1485 317 1528 vooe
340 1465 385 1526 usi
408 1473 492 1539 sunt,
515 1464 619 1526 dubito
642 1474 758 1539 tamen,
782 1485 851 1527 num
874 1475 944 1529 ante
965 1474 1135 1544 argenteam
1152 1470 1270 1525 aetatem
1293 1462 1322 1523 in
1340 1482 1395 1524 usn
1412 1463 1500 1522 fuerit

246 1567 282 1628 de
305 1565 438 1628 oratione
460 1584 513 1646 pro
535 1563 668 1638 conciso,
695 1563 841 1643 inficeto,
870 1573 1033 1650 amputato.
1077 1563 1146 1626 Non
1171 1570 1329 1643 amputata
1351 1564 1450 1624 oratio
1472 1572 1501 1623 et

245 1666 361 1730 abscisa
393 1675 480 1728 tonat
513 1665 613 1739 1,20,
638 1664 685 1727 19.
719 1665 837 1749 (Quint.
865 1667 935 1728 Vel.
966 1669 1049 1729 Max.
1085 1665 1146 1727 Ofr.
1170 1671 1330 1744 praeterea,
1363 1683 1429 1745 quae
1465 1663 1499 1722 de

245 1768 344 1830 verbis
367 1767 582 1830 ”abscindendi
605 1776 635 1828 et
657 1767 850 1829 abscidendi’
871 1768 962 1829 Klotz
985 1765 1151 1848 disputavit
1173 1765 1202 1826 in
1226 1763 1351 1847 lexico).
1386 1763 1499 1826 Simili-

245 1880 289 1931 ter
310 1867 486 1931 cs'rcumcisa
508 1867 603 1928 oratio
630 1868 748 1931 dicitur.
792 1867 925 1938 Quorum
956 1864 1139 1951 (oratorum)
1162 1885 1232 1927 sane
1256 1865 1391 1944 plurimae
1415 1864 1499 1949 (ora-

245 1967 358 2055 tiones)
381 1977 452 2031 sunt
473 1967 655 2030 circumcise
676 1978 707 2030 et
729 1970 834 2030 breves
859 1971 886 2043 1,
908 1971 958 2042 20,
980 1968 1010 2030 4.
1034 1963 1184 2053 (Quint).

328 2082 515 2170 Conspectus.
558 2081 754 2169 Conspectum
776 2086 886 2148 dicitur
908 2106 1029 2166 corpus,
1052 2085 1136 2163 cujus
1160 2083 1293 2144 membra
1316 2090 1386 2162 apte
1408 2081 1499 2144 bene-

244 2206 300 2268 que
323 2195 394 2248 sunt
417 2193 642 2264 coagmentata,
666 2189 724 2248 lere
748 2207 800 2267 pro
815 2187 924 2273 firmo,
946 2185 1073 2248 robusto.
1111 2185 1201 2247 Ultra
1225 2183 1420 2245 matronalem
1438 2202 1500 2244 mo-

244 2288 312 2350 dum
336 2294 489 2370 compacto
518 2304 639 2366 corporo
668 2295 698 2346 et
726 2287 849 2350 robusto
876 2283 905 2361 7,
928 2287 977 2360 24,
1001 2287 1027 2348 l.
1057 2284 1157 2371 (Suet.
1181 2283 1245 2345 001.
1268 2283 1386 2346 Pallad.
1410 2285 1498 2346 Mart.

243 2387 354 2450 Facilis
376 2393 441 2448 erat
463 2386 500 2447 ad
524 2385 601 2447 hanc
624 2387 870 2466 significationem
894 2389 1049 2461 transitio,
1074 2405 1165 2466 nequo
1189 2385 1267 2445 enim
1292 2385 1418 2446 multum
1441 2385 1499 2447 dif-

243 2488 313 2562 fert,
335 2487 413 2568 quod
437 2485 545 2565 legitur
567 2487 628 2548 (lic.
645 2487 712 2548 Fin.
728 2490 757 2564 3,
773 2490 822 2564 22,
839 2483 887 2551 74.
923 2487 1022 2558 ”Quid
1046 2485 1151 2549 autin
1175 2495 1284 2547 natura
1306 2494 1361 2547 aut
1382 2485 1412 2546 in
1430 2505 1499 2567 ope-

242 2588 326 2650 ribus
354 2607 444 2650 manu
473 2587 563 2648 factis
591 2598 654 2649 tam
678 2590 874 2669 compositum
898 2598 1019 2670 tamque
1043 2595 1231 2670 compactum
1254 2594 1285 2647 et
1306 2597 1499 2665 coagmenta·

242 2698 306 2751 tum
329 2687 454 2749 inveniri
477 2687 632 2773 potestl')
725 2761 733 2776 ·

325 2801 458 2866 Coretus
486 2823 538 2885 pro
565 2815 721 2880 accrrroto,
753 2806 893 2890 dilipente
916 2808 1033 2870 dicitur.
1078 2808 1127 2867 Me
1150 2806 1269 2887 quidam
1300 2813 1416 2866 secreto
1445 2825 1497 2864 cu-

242 2914 368 2990 ratoque
388 2923 525 2966 sermone
548 2907 671 2987 corripit
699 2907 729 2982 9,
754 2909 805 2982 13,
831 2909 876 2970 10.
900 2908 1014 2992 (Tac.)
1053 2907 1198 2968 Similiter
1209 2906 1397 2978 adverbium,
1420 2904 1496 2986 quod

243 3015 290 3068 est
321 3013 436 3080 curem,
465 3005 593 3086 positum
628 3020 675 3070 est
709 3029 761 3088 pro
794 3006 983 3092 accerratcl).
1040 3007 1210 3088 Epistulas,
1244 3007 1268 3067 si
1302 3025 1376 3087 quas
1410 3005 1498 3086 paulo

242 3107 375 3168 curatius
397 3105 596 3187 scripsissem,
631 3109 798 3190 colligerem
828 3110 1067 3192 publicaremque
1103 3108 1130 3182 l,
1155 3109 1182 3182 l,
1206 3109 1233 3170 l.
1257 3103 1373 3192 (Teo).
1423 3104 1498 3167 Om-

244 3208 330 3270 nibus
356 3215 442 3268 notus
465 3217 511 3269 est
532 3218 665 3270 veterum
689 3211 865 3291 scriptorum
890 3231 959 3272 usus
983 3211 1069 3288 hujus
1092 3209 1184 3271 verbi.

326 3320 464 3406 Effectus
487 3327 565 3405 apud
587 3326 719 3389 Plinium
745 3338 775 3388 et
797 3327 926 3407 aequales
948 3326 1058 3387 dicitur
1080 3345 1134 3406 pro
1155 3323 1319 3399 elaborato,
1340 3332 1406 3386 arte
1423 3342 1498 3407 per·

235 3423 332 3509 fecto,
354 3421 495 3487 absoluto.
535 3426 639 3489 Crebri
662 3427 841 3508 syllogismi,
864 3425 1080 3506 circumscripti
1102 3437 1133 3488 et
1155 3423 1251 3510 eflecti
1276 3426 1306 3500 2,
1330 3426 1358 3498 3,
1380 3425 1408 3486 3.
1439 3424 1480 3486 Of
1492 3469 1498 3484 .

242 3525 451 3604 Respondebis
484 3545 543 3588 non
578 3547 666 3608 posse
701 3528 822 3606 perinde
856 3527 998 3590 inchoata
1030 3527 1147 3607 placere
1181 3536 1214 3589 ut
1241 3525 1345 3610 effecta
1365 3523 1397 3598 8,
1420 3525 1449 3598 4,
1471 3519 1498 3586 7.

242 3622 391 3710 (Quint).
421 3625 513 3706 Apud
529 3636 645 3690 veteres
662 3628 822 3708 scriptores
837 3627 985 3707 siguificat
1000 3629 1088 3701 idem,
1110 3628 1187 3708 quod
1204 3628 1316 3701 lactus,
1340 3627 1498 3706 perlectus.

330 3739 458 3805 Eresos.
503 3741 620 3806 Eresos
653 3745 768 3807 Plinius
796 3745 874 3805 dixit
902 3763 968 3817 eos,
1002 3763 1124 3824 quorum
1149 3743 1269 3805 nominc
1291 3744 1390 3805 deleta
1413 3749 1500 3802 eraut

243 3843 271 3905 in
295 3843 423 3915 tabulis,
450 3844 500 3905 ubi
523 3845 657 3925 inscripti
680 3855 767 3906 erant
789 3845 942 3924 congiaria
964 3844 1156 3925 accipientes.
1200 3841 1423 3924 (Congiarium)
1446 3843 1499 3904 ds-

243 3953 307 4006 tum
335 3954 380 4006 est
408 3945 445 4006 iis
467 3945 517 4025 qui
540 3955 609 4023 post
630 3945 759 4007 edictum
783 3954 866 4008 tuum
889 3945 918 4007 in
943 3946 1037 4008 locum
1061 3963 1218 4007 erasurum
1238 3944 1350 4006 subditi
1380 3945 1499 4004 fuerant

243 4045 317 4106 Pan.
333 4043 381 4106 25.
416 4041 496 4129 (Ofr.
509 4045 580 4106 Tac.
593 4046 778 4120 Ann.4,42.
812 4046 897 4109 Suet.
909 4046 1033 4126 Proprie
1056 4046 1101 4108 usi
1123 4055 1194 4108 sunt
1216 4045 1306 4108 Varr.
1330 4054 1360 4105 et
1381 4039 1497 4125 Prop.)

327 4159 495 4246 Expositos
518 4181 570 4240 pro
585 4159 680 4246 facili
701 4162 801 4237 aditu,
827 4162 918 4235 comi,
948 4160 1074 4246 affabili.
1117 4161 1176 4223 Est
1197 4161 1303 4223 obvius
1325 4169 1357 4221 et
1379 4157 1521 4242 empore·

243 4270 290 4322 tus
318 4263 481 4343 plenusque
509 4261 698 4323 humanitate
731 4265 756 4334 l,
781 4264 828 4334 10,
850 4264 879 4324 2.
902 4262 998 4345 (Stat.
1020 4263 1135 4325 Lucan.
1148 4258 1187 4346 ²).
1233 4262 1280 4324 De
1309 4261 1427 4322 dicendi
1453 4260 1497 4319 f-

244 4362 356 4425 cultate
384 4363 512 4443 positum
547 4363 723 4424 vocabulum
746 4364 824 4424 idem
847 4365 907 4425 lere
929 4363 1090 4443 significat,
1123 4362 1199 4443 quod
1227 4371 1364 4446 apertus,
1395 4355 1496 4438 facilis

244 4505 441 4516 -——--..—

294 4573 311 4642 ¹)
334 4580 399 4634 Sall.
422 4583 485 4652 Jug.
515 4583 560 4644 16,
585 4581 602 4636 3
627 4597 697 4634 nunc
720 4581 821 4651 legitur
842 4580 1082 4636 ’'accuratissima'’

222 4755 243 4790 .,
259 4759 278 4791 .›
289 4673 312 4746 ²)
336 4681 388 4735 Clu.
411 4684 598 4792 Etpelsbcoh,
622 4685 639 4738 l.
657 4684 672 4737 l.
696 4684 847 4756 Pag.191.
