3264 5332
209 476 226 529 6
701 475 726 529 J.
749 474 780 528 P.
804 473 970 546 Lagergren.

208 646 347 728 publicas
378 666 492 727 quoque
525 666 631 710 causas
664 647 815 728 suscipere
829 643 870 732 ¹).
928 646 1030 725 Longe
1067 643 1227 707 maximam
1261 654 1360 708 autem
1394 647 1460 708 elo-

208 747 336 829 8888118
369 747 486 808 laudem
520 747 635 810 Plinius
661 749 726 811 sine
747 749 837 810 dubio
859 746 1044 828 comparavit
1066 765 1104 807 ex
1125 746 1254 828 quinque
1277 748 1374 810 causis
1400 768 1460 829 pu-

208 849 292 911 blicis
312 847 340 909 in
363 857 470 909 senatu
493 848 584 923 actis,
611 869 684 930 quas
707 847 808 933 ipse²)
831 850 1026 911 enumeravit.
1060 843 1193 915 Quarum
1217 867 1373 910 causarum
1395 848 1459 928 pri-

209 969 286 1012 mam
316 949 374 1029 egit
402 967 479 1010 8888
507 951 567 1010 l'ere
590 949 630 1012 93
657 970 685 1030 p.
708 949 762 1012 Gir.
786 970 814 1011 n.
837 950 1003 1012 advocatus
1030 967 1097 1010 cum
1123 949 1272 1010 Herennio
1294 950 1460 1012 Senecione

208 1072 225 1111 a
259 1057 364 1112 senatu
398 1049 558 1130 provinciae
592 1051 711 1113 Baeticae
744 1052 833 1112 datus
865 1058 969 1112 contra
1001 1047 1136 1112 Baebium
1172 1049 1308 1111 Massam
1319 1047 1366 1142 ³),
1403 1069 1459 1111 88-

208 1161 271 1212 tum
300 1151 389 1212 istum
422 1150 584 1212 delatorem
598 1146 639 1234 ⁴).
689 1151 805 1213 Deinde
832 1170 910 1213 anno
943 1151 1001 1211 100
1026 1171 1056 1230 p.
1079 1148 1134 1212 Oh.
1158 1170 1186 1210 n.
1209 1170 1310 1212 mense
1338 1151 1460 1213 Jauua-

207 1252 250 1313 rio
264 1249 294 1336 ⁵)
328 1272 388 1313 una
416 1270 480 1312 cum
510 1251 615 1313 Tacito
649 1253 755 1314 aderat
786 1252 870 1314 Afris
903 1250 1114 1313 accusantibus
1145 1250 1274 1313 Marium
1306 1252 1459 1324 Priscum,

208 1353 256 1433 qui
278 1371 330 1432 pro
353 1352 472 1414 consule
495 1353 654 1431 praeluerat
675 1351 770 1414 Afris.
820 1353 897 1413 Turn
925 1370 1003 1412 anno
1033 1350 1086 1413 101
1120 1370 1147 1430 p.
1169 1350 1224 1412 Ob.
1247 1372 1276 1412 8.
1298 1351 1460 1433 provinciae

206 1454 326 1516 Baetioae
359 1461 505 1534 questurae
538 1453 573 1514 de
605 1453 819 1535 proconsulatu
842 1451 954 1515 Caecilii
975 1451 1101 1514 Classici
1124 1451 1288 1514 advocatus
1310 1473 1347 1514 ex
1369 1473 1460 1514 sena-

207 1561 254 1615 tus
277 1553 411 1615 consulto
433 1555 521 1616 datus
543 1563 589 1616 est
610 1553 836 1635 provincialium
861 1554 991 1632 ipsorum
1014 1551 1171 1635 rogatui).
1215 1553 1350 1615 Tandem
1379 1573 1459 1616 anno

208 1657 268 1714 l'ere
303 1654 361 1714 103
394 1663 446 1716 881
481 1654 540 1716 104
574 1653 628 1738 (ex
659 1654 811 1716 sententia
837 1653 985 1715 Masscnii
1012 1674 1039 1716 a.
1064 1654 1118 1714 101
1144 1673 1171 1732 p.
1188 1652 1244 1714 011.
1267 1650 1313 1738 n.)
1345 1654 1459 1718 Julinm

207 1757 331 1817 Bassum
360 1774 499 1835 prospero
522 1765 632 1817 eventu
654 1754 789 1817 defendit
812 1763 916 1816 contra
937 1753 1086 1836 Bithynos
1109 1763 1303 1830 accusantes,
1326 1757 1403 1836 quod
1426 1756 1458 1817 in

207 1855 358 1935 provincia
380 1855 619 1917 administranda
642 1875 764 1916 munera
788 1855 915 1935 cepisset
928 1853 967 1939 7).
1000 1857 1157 1917 Ρ88118188
1172 1854 1373 1917 defensionem
1390 1857 1460 1919 Rufi

207 1956 359 2040 Vareniss)
382 1956 567 2037 proconsulis
583 1964 686 2017 contra
706 1956 871 2037 Bithynos,
894 1956 942 2037 qui
958 1975 1024 2016 eum
1040 1964 1264 2031 accusaverant,
1280 1956 1459 2041 susceptet).

205 2058 356 2120 Praeterea
378 2076 457 2119 8888
480 2059 542 2118 1818
564 2049 604 2118 91
626 2077 655 2137 p.
678 2057 732 2119 Oh.
756 2078 785 2118 n.
808 2056 977 2119 Publicium
1000 2056 1138 2128 0811881,
1165 2057 1338 2137 praefectum
1361 2057 1461 2120 aerarii

205 2167 235 2218 et
268 2158 350 2221 brevi
382 2158 532 2219 consulem
557 2159 701 2229 loturum,
733 2177 753 2219 a
778 2177 835 2238 quo
863 2159 982 2219 delatus
1012 2157 1170 2218 Helvidius
1197 2157 1321 2220 Priscus
1342 2159 1459 2222 occisus

204 2268 269 2320 erat
292 2280 309 2321 8
331 2258 522 2329 Domitiano,
550 2258 659 2336 acriter
681 2258 836 2320 accusavit
850 2256 906 2342 ¹⁰).
950 2256 1021 2319 Alio
1044 2258 1107 2320 loco
1122 2256 1168 2343 ¹¹)
1196 2277 1228 2319 se
1249 2259 1381 2321 Clarium
1405 2281 1459 2322 ne-

204 2361 266 2421 scio
290 2379 376 2441 quem
399 2359 565 2420 defendisse
587 2358 739 2420 indicavit.
784 2359 849 2421 Illae
877 2379 979 2420 omnes
1007 2359 1159 2420 orationes
1187 2359 1274 2422 simul
1305 2379 1371 2421 cum
1395 2361 1458 2422 leu-

205 2459 324 2522 datione
341 2460 468 2540 quadam
485 2458 627 2520 Vestricii
643 2459 808 2542 Gottiiw),
831 2460 903 2521 clari
919 2459 1132 2534 adolescentis,
1154 2479 1242 2540 quam
1259 2460 1459 2522 laudationem

203 2561 233 2620 in
265 2561 368 2622 eodem
401 2577 508 2638 genere
539 2559 681 2639 scriptam
715 2559 1284 2641 88888111881811881881888Τ88111
1318 2561 1374 2621 ”de
1398 2562 1461 2623 vita

204 2658 720 2742 1181188188·1111811818,1818811818
744 2669 911 2742 temporum
933 2680 990 2722 non
1014 2661 1079 2722 sine
1102 2661 1200 2742 aliquo
1223 2660 1390 2723 litterarum
1414 2662 1460 2725 la-

204 2762 332 2823 11881818
361 2760 538 2822 detrimento
561 2762 722 2840 perierunt.
766 2762 846 2824 Nam
868 2782 905 2824 ex
927 2761 1027 2842 opima
1048 2761 1099 2822 illa
1122 2769 1153 2822 et
1174 2762 1275 2823 fucata
1297 2762 1458 2842 gratiarum

204 2862 339 2936 actione,
372 2881 460 2942 quam
494 2861 680 2923 consulatum
713 2863 810 2924 iniens
839 2863 971 2943 Trajano
993 2862 1022 2923 in
1053 2872 1159 2924 senatu
1186 2861 1276 2936 dixit,
1310 2864 1460 2927 nonlicet

203 2963 388 3035 existimare,
411 2961 505 3042 qualis
530 2962 618 3024 fuerit
640 2963 811 3044 eloquentia
832 2963 938 3036 Plinii,
960 2963 1038 3044 quod
1060 2963 1156 3042 ipsum
1173 2963 1352 3045 Panegyrici
1369 2985 1459 3044 argu-

205 3073 337 3125 mentum
370 3063 462 3124 altam
494 3071 583 3144 atque
605 3063 714 3125 elatam
738 3066 901 3127 orationem
924 3065 1083 3126 desiderat.
1127 3062 1169 3124 Et
1190 3082 1367 3145 quamquam
1389 3085 1460 3128 vera

204 3165 254 3226 illa
287 3185 336 3225 ars
369 3164 500 3236 dicendi,
532 3164 630 3245 qualis
652 3164 775 3227 11818818
798 3165 892 3227 libera
913 3163 1069 3245 republica
1091 3163 1225 3243 vigebat,
1255 3164 1317 3243 jam
1346 3166 1458 3246 pridem

204 3275 267 3326 erat
296 3265 463 3338 exstincta,
496 3273 596 3326 tamen
620 3285 657 3326 ex
680 3267 793 3345 magnis
816 3266 969 3340 laudibuS,
1003 3264 1107 3344 quibus
1136 3263 1265 3326 Plinium
1289 3267 1460 3330 extulerunt

204 3366 289 3428 multi
322 3375 352 3427 et
384 3365 492 3428 eruditi
515 3375 545 3428 et
567 3365 733 3446 incorrupti
755 3367 992 3439 existimatores,
1026 3364 1163 3444 colligere
1191 3365 1275 3440 licet,
1308 3367 1459 3430 orationes

203 3467 295 3528 Plinii
322 3475 402 3528 88118
425 3485 492 3527 cum
516 3466 785 3529 declamationibus
808 3467 964 3549 aequalium
987 3466 1173 3549 quorundam
1196 3477 1385 3548 comparatas
1408 3488 1459 3531 sa-

205 3567 243 3630 tis
277 3567 407 3648 egregias
440 3567 542 3628 fuisse.
585 3567 690 3648 Neque
723 3589 792 3631 vero
825 3568 974 3630 orationes
1008 3567 1094 3628 modo
1120 3565 1237 3629 Plinius
1265 3568 1387 3648 scripsit
1407 3571 1458 3631 sed

204 3668 294 3730 etiam
327 3667 460 3730 carmina
494 3667 626 3730 condidit
658 3678 762 3750 atque,
802 3678 835 3733 ut
867 3669 1004 3732 omnibus
1037 3667 1204 3733 litterarum
1237 3669 1378 3730 studiosis
1411 3671 1457 3733 la-

204 3771 309 3843 vebat,
341 3769 386 3830 ita
413 3768 509 3848 poetis
538 3769 716 3851 praecipuam
747 3771 982 3834 benevolentiam
1007 3770 1179 3851 praestabat.
1223 3770 1291 3850 Ipse
1314 3770 1458 3849 gloriatus

252 3983 270 4051 ¹)
295 3988 322 4052 2,
340 3988 366 4042 5.
391 3987 483 4050 6,18.
615 3983 638 4054 ²)
662 3992 689 4053 6,
715 3989 763 4054 29,
787 3991 900 4048 8-11.
1033 3981 1054 4053 ³)
1079 3989 1107 4052 3,
1123 3987 1151 4053 4,
1168 3988 1195 4042 4.
1220 3985 1247 4050 1,
1264 3988 1314 4051 33.
1331 3991 1358 4046 4.

248 4069 270 4138 ⁴)
293 4073 449 4130 Tac.'Hist.
473 4075 501 4138 4,
527 4074 574 4130 50.
596 4079 657 4132 Juv.
684 4081 709 4140 l,
733 4077 782 4133 35.
891 4069 915 4140 ὅ)
940 4076 966 4140 2,
994 4076 1041 4139 ll,
1067 4076 1113 4129 10.
1223 4066 1246 4137 ⁶)
1270 4075 1297 4139 3,
1319 4077 1347 4140 4,
1365 4079 1455 4134 2-4.

250 4155 270 4224 ἵ)
295 4163 322 4220 4.
347 4163 374 4217 9.
401 4160 428 4225 5,
454 4161 502 4225 20,
528 4164 553 4215 l.
689 4159 714 4234 8)
739 4166 767 4229 5,
792 4167 840 4221 20.

248 4242 270 4312 ⁰)
293 4250 360 4303 Haec
381 4265 463 4303 causa
486 4268 540 4320 quo
563 4267 633 4304 anno
656 4253 691 4306 sit
713 4258 775 4307 ecta
798 4253 928 4307 incertum
953 4253 1000 4302 est.
1035 4246 1186 4303 Massouins
1209 4251 1289 4317 putat
1305 4265 1376 4301 anno
1396 4250 1454 4305 102

205 4353 230 4404 p.
254 4336 301 4390 cn.
325 4353 358 4398 8.,
393 4337 583 4391 Mommsenius
607 4357 659 4393 non
687 4346 752 4395 ante
773 4357 875 4395 annum
901 4336 960 4391 105
986 4334 1164 4403 disceptatam
1187 4351 1252 4388 esse.
1295 4334 1326 4388 Id
1350 4340 1454 4389 tantum

205 4429 309 4476 constat
331 4441 365 4476 ox
389 4423 504 4492 epistola
527 4426 553 4489 6,
585 4427 630 4490 13,
655 4427 682 4490 2,
705 4445 813 4488 causam
837 4428 989 4494 susceptam
1014 4439 1072 4474 esse
1094 4419 1215 4490 principe
1237 4421 1358 4474 absente.

254 4501 286 4573 ¹⁰)
310 4511 337 4572 3,
365 4510 409 4564 13.
454 4514 541 4577 Quam
566 4520 621 4566 tum
645 4514 742 4569 habuit
765 4515 914 4570 orationem
935 4508 1039 4564 Plinius
1063 4511 1158 4576 postea
1180 4507 1264 4561 edidit
1286 4507 1452 4576 inscriptam:

204 4597 261 4650 ”De
281 4596 385 4651 ultione
406 4599 548 4654 Helvidii.”

253 4677 285 4750 ¹¹)
309 4686 337 4748 9,
362 4683 410 4748 28,
434 4685 460 4740 5.
600 4679 632 4752 ¹²)
657 4685 684 4752 2,
710 4685 736 4741 1.
761 4685 788 4746 3,
815 4682 867 4742 10.ι
