3264 5332
345 433 386 488 De
408 434 468 490 vita
490 434 519 488 et
539 431 696 487 elocutione
716 428 745 485 0.
768 427 854 484 Plinii
873 424 976 484 cecidi
995 426 1121 484 Secundi.
1320 430 1358 485 55

115 603 336 679 retractius,
360 605 409 678 19,
430 600 459 669 7.
491 606 609 668 Ratum
632 621 753 666 seruare
777 596 807 677 7,
823 602 872 676 ll,
890 602 917 664 l.
953 603 1069 666 Retum
1094 597 1360 666 balsamico.

115 707 301 770 Phantasma
322 701 352 778 7,
374 701 423 779 27,
448 708 473 768 l.
515 702 624 767 idoloa
645 699 675 778 7,
696 698 747 778 27,
768 702 798 765 5.
841 703 948 786 Imapo
970 697 999 779 7,
1021 699 1072 778 27,
1095 703 1123 766 6.
1159 699 1362 766 Simulacrum

114 805 141 883 7,
163 802 213 882 27,
236 802 264 869 7.
308 805 439 894 Efficias
460 802 490 881 7,
511 802 562 881 27,
584 805 613 867 8.
636 806 699 869 Olr.
715 805 745 878 3,
760 803 790 879 b,
804 804 833 865 4.
855 803 1000 867 Iacrrarc
1023 805 1120 869 oculis
1138 799 1167 881 7,
1182 798 1232 878 27,
1245 801 1275 868 6.
1300 798 1361 865 Ob-

112 930 213 972 errarc
235 907 334 970 oculis
356 907 386 982 9,
410 909 458 981 13,
481 909 529 970 25.

194 1009 463 1082 Quemadmodum
488 1009 596 1072 Oicero
618 1008 650 1069 in
673 1006 832 1089 epistolis,
854 1005 899 1067 sic
920 1006 1042 1069 Plinius
1063 1024 1204 1087 persaepe
1226 1024 1289 1068 non
1309 1024 1363 1068 so·

113 1113 170 1174 lum
206 1110 370 1173 universas
402 1109 576 1172 sententias
609 1128 629 1170 a
662 1108 771 1188 graecis
804 1106 1013 1186 scriptoribus
1045 1115 1186 1188 sumptas
1226 1104 1361 1170 orationi

111 1212 258 1285 inseruit,
280 1211 335 1272 sed
359 1211 453 1273 etiam
476 1210 601 1289 singula
623 1211 720 1272 verba
742 1207 850 1288 graeois
874 1207 991 1269 litteris
1014 1209 1134 1290 scripta
1155 1207 1363 1290 interposuit,

111 1315 162 1378 ubi
186 1321 264 1394 apta
293 1313 422 1374 deerant
444 1313 540 1374 verba
562 1311 672 1385 latina,
696 1310 795 1374 velut:
830 1306 989 1392 ληκύθους
1013 1310 1040 1383 1,
1062 1311 1092 1383 2,
1113 1309 1142 1370 4.
1185 1303 1364 1392 eloquamur

115 1419 145 1489 1,
167 1417 224 1487 20,
247 1413 276 1475 9.
318 1414 494 1497 perpatimur
514 1415 547 1485 2,
569 1415 603 1485 2,
628 1414 653 1472 1.
696 1410 909 1496 ἐνθυμήματα
930 1413 965 1484 2,
989 1411 1023 1483 3,
1045 1411 1074 1472 3.
1122 1411 1191 1486 ἕξιν
1216 1413 1252 1484 2,
1274 1413 1311 1487 3,
1331 1414 1361 1476 4.

112 1512 313 1600 ἀφιλόκαλον
334 1518 364 1591 2,
385 1516 416 1589 3,
437 1515 467 1578 8.
502 1512 623 1594 οεμοῶς
644 1514 673 1585 2,
691 1514 739 1589 11,
757 1509 803 1576 17.
839 1511 1084 1596 tractamur,
1108 1512 1155 1587 11,
1177 1513 1227 1574 23.
1260 1513 1363 1588 2,12,

114 1620 137 1680 1.
181 1614 356 1701 φιλόκαλος
386 1617 421 1690 3,
444 1611 481 1690 7,
503 1611 532 1678 7.
564 1613 750 1696 πρόδρομον
776 1615 812 1689 4,
843 1614 876 1688 9,
906 1615 956 1677 23.
1003 1606 1084 1675 sarai
1116 1611 1296 1695 κεφάλαιον
1326 1611 1362 1686 6,

111 1721 157 1792 22,
180 1723 208 1783 2.
252 1717 436 1802 §unusquam
458 1716 487 1790 6,
509 1717 560 1790 31,
586 1719 631 1778 12.
676 1718 745 1780 Ηοο
779 1717 846 1779 1οοο
880 1717 1039 1796 Trajanus
1072 1733 1203 1796 gracum
1231 1717 1360 1778 verbum

112 1821 256 1903 arripuit,
279 1837 469 1901 quamquam
491 1837 550 1880 non
574 1818 683 1880 deerat
705 1825 813 1898 aptum
838 1816 966 1880 verbum
991 1816 1131 1879 latinum.

192 1922 245 1985 Ad
279 1929 449 1983 extremum
477 1919 780 1982 commemorandum
808 1927 871 1992 est,
894 1917 1280 1998 Pliniumimprudentem
1303 1917 1362 1978 ad-

112 2023 233 2084 misisse
256 2041 378 2084 versum
401 2021 543 2082 heroum:

195 2121 265 2184 Ursa
286 2121 453 2206 diiiqimus,
475 2142 536 2182 aaa
558 2119 719 2183 dileairnus
740 2141 839 2184 omncs
861 2120 890 2195 5,
914 2119 953 2181 14
976 2117 1059 2203 (lb),
1080 2118 1110 2180 4.

189 2225 234 2286 Et
254 2223 461 2287 Phalaeoium:

191 2322 389 2387 Commendas
411 2321 485 2384 milri
504 2319 626 2384 Juliam
647 2321 804 2388 Nasonem
824 2322 855 2396 6,
877 2320 907 2399 9,
931 2324 959 2397 1,
975 2322 1008 2384 id
1025 2321 1107 2404 quod
1126 2320 1167 2383 ad
1190 2320 1261 2383 illos
1276 2320 1361 2383 locos

106 2426 249 2507 Doering
272 2426 387 2488 docuit.
1064 2487 1066 2492 ,

193 2528 268 2590 Hsec
297 2526 411 2600 habui,
445 2545 512 2606 quae
540 2524 572 2586 in
602 2525 781 2589 universum
810 2526 848 2589 de
871 2525 1015 2589 oratione
1037 2523 1135 2586 Plinii
1159 2523 1360 2606 disputarem.

107 2630 203 2692 Nunc
225 2649 302 2710 quas
324 2627 569 2709 significationes
592 2627 675 2707 apud
699 2647 767 2690 eum
795 2626 918 2707 singula
945 2625 1043 2688 verba
1072 2625 1225 2703 habeant,
1254 2634 1361 2690 osten-

106 2732 199 2803 dam,
221 2738 315 2810 atque
338 2749 356 2790 a
377 2727 586 2791 substantivis
608 2725 732 2790 initium
756 2728 887 2809 capiam.

196 2829 346 2893 Omnibus
378 2829 473 2909 igitur
499 2836 606 2890 notum
632 2836 681 2890 est
702 2829 837 2911 antiquis
858 2827 1052 2909 temporibus
1075 2846 1192 2908 magna
1212 2828 1361 2891 substan·

106 2934 247 2994 tivorum
281 2930 411 3010 penuria
443 2929 579 3009 linguam
612 2927 742 2991 latinam
776 2930 954 3002 laborasse,
987 2948 1079 3010 quam
1111 2930 1152 2990 ob
1184 2947 1248 2990 rem
1278 2947 1360 3009 saepe

108 3053 238 3096 neeesse
272 3037 340 3092 eret
372 3030 462 3110 longo
497 3038 528 3091 et
559 3029 690 3092 molesto
724 3030 889 3111 eloquendi
915 3029 1048 3093 circuitu
1076 3048 1169 3092 unam
1203 3031 1360 3092 notionem

107 3134 295 3215 exprimere.
339 3131 415 3193 Illos
437 3148 512 3192 vero
536 3129 699 3212 eloquendi
723 3131 871 3194 circuitus
901 3131 1063 3212 inprimis
1086 3131 1274 3213 scriptores,
1306 3132 1360 3215 qui

104 3245 182 3316 post
204 3235 381 3314 Augustum
405 3234 543 3305 fuerunt,
566 3233 732 3294 brevitatis
755 3243 849 3296 causa
871 3232 992 3295 evitare
1007 3231 1194 3316 studebant,
1216 3233 1256 3296 ob
1272 3252 1361 3296 eam·

106 3355 168 3417 que
190 3354 254 3398 rem
280 3333 378 3396 multa
400 3333 602 3395 substantiva
624 3333 762 3397 maxime
784 3353 804 3396 e
825 3333 947 3408 verbis,
976 3333 1089 3415 quibus
1121 3333 1226 3414 lingua
1258 3333 1360 3398 abun·

107 3438 220 3509 dabat,
254 3437 346 3498 ducta
379 3441 550 3507 noverunt,
584 3454 676 3516 quam
706 3436 790 3498 viam
821 3434 933 3515 lingum
962 3433 1139 3497 excolenda
1158 3435 1224 3514 jam
1247 3435 1358 3499 (licere

105 3539 270 3618 ingressus
303 3543 371 3598 erat
403 3541 435 3596 et
467 3535 556 3616 quasi
590 3536 775 3600 muniverat.
825 3535 894 3609 Quo
923 3536 954 3598 in
982 3555 1094 3616 genere
1120 3535 1165 3598 illi
1188 3536 1358 3619 scriptores

110 3639 239 3700 multum
263 3638 436 3700 effecerunt
457 3637 497 3697 ad
520 3635 642 3718 copiam
665 3639 830 3700 verborum
859 3638 1032 3717 sugendam
1061 3644 1093 3698 et
1120 3636 1256 3718 linguam
1278 3657 1358 3719 quo·

109 3739 274 3802 dammodo
307 3736 538 3817 perficiendam.
581 3739 691 3819 Neque
715 3739 796 3800 enim
820 3757 875 3819 ego
899 3737 939 3798 iis
961 3737 1131 3813 assentior,
1155 3737 1206 3820 qui
1227 3748 1358 3820 putant,

109 3842 246 3922 linguam
270 3839 399 3900 latinam
422 3857 534 3911 aurea,
557 3856 624 3918 quse
646 3846 787 3914 vocatur,
809 3849 902 3902 atate
924 3839 1004 3901 adeo
1026 3839 1068 3901 ub
1091 3840 1233 3904 omnibus
1254 3841 1358 3921 parti·

109 3943 163 4004 bus
196 3940 372 4003 absolutam
406 3937 519 4011 luisse,
552 3946 586 3999 ut
613 3938 691 4000 nihil
714 3940 889 4002 addendum
912 3949 996 4002 esset
1017 3947 1072 4002 aut
1093 3939 1355 4021 amplificandum.

107 4043 211 4125 Atque
235 4041 329 4103 etiam
353 4041 381 4100 si
404 4038 634 4102 concedendum
659 4048 707 4102 cst
728 4039 799 4102 illos
827 4040 996 4121 scriptores
1030 4041 1063 4102 in
1095 4040 1200 4101 verbis
1233 4058 1355 4103 novun-

108 4145 154 4204 dis
193 4141 245 4204 vel
283 4140 511 4202 transferendis
549 4159 777 4222 nonnumquam
815 4141 999 4204 audaciores
1038 4141 1134 4204 fuisse
1175 4149 1207 4202 et
1238 4140 1354 4222 sapius

108 4245 210 4307 aliena
242 4243 340 4304 verba
378 4241 513 4302 maxime
546 4259 566 4302 a
602 4259 702 4320 graeca
730 4241 837 4322 lingua
858 4251 1022 4324 assumpte
1043 4241 1094 4304 vel
1116 4240 1290 4304 locutiones
1313 4243 1354 4305 ad

109 4342 288 4407 Graecorum
312 4341 565 4404 consuetudinem
589 4341 712 4403 dicendi
736 4344 947 4406 conformatas
969 4342 1001 4405 iu
1024 4342 1162 4422 linguam
1173 4340 1353 4419 induxisse,

108 4445 286 4525 plerumque
308 4450 414 4504 tamen
436 4442 518 4522 leges
541 4441 652 4522 lingum
667 4442 905 4523 diligentissime
920 4449 1097 4516 servarunt,
1119 4461 1218 4524 neque
1233 4461 1353 4525 negan-

110 4546 179 4607 dum
201 4552 250 4606 est
271 4543 343 4605 illos
366 4560 486 4624 quoque
509 4542 546 4621 de
568 4541 674 4623 lingua
697 4544 869 4607 excolenda
883 4545 961 4607 bene
976 4542 1103 4604 meritos
1119 4561 1204 4618 esse,
1226 4543 1352 4608 etiamsi

111 4665 174 4707 cum
208 4644 358 4708 Cicerone
390 4651 447 4706 aut
479 4642 602 4707 Casare
634 4645 809 4726 comparati
840 4644 932 4726 longe
963 4642 1173 4726 postponendi
1200 4652 1275 4710 sunt
1300 4647 1352 4711 vel

110 4747 217 4828 optimi
239 4752 395 4826 argentea
415 4744 520 4808 atatis
540 4744 719 4825 scriptores.
