3264 5332
340 464 380 518 De
402 465 462 520 rita
484 467 512 519 11
534 464 689 520 elocutione
712 463 741 518 0.
764 461 849 517 Plinii
870 461 973 518 Catilii
995 465 1121 521 Secundi.
1319 467 1358 520 45
1420 473 1422 478 ’

191 637 255 700 Vix
277 657 351 719 opus
373 647 419 700 est
441 657 487 699 me
509 655 642 710 monere,
664 637 767 699 eodem
791 638 877 698 modo
900 637 1091 700 substantiva
1113 657 1227 718 quoque
1254 638 1360 711 audiri,

112 739 203 802 velut:

192 839 268 910 Quae
290 840 349 921 ipsi
371 840 454 919 (oud.
477 837 558 900 κατὰ
580 835 715 913 σύνεσιν,
737 849 772 900 11
793 838 892 910 11111,
912 835 1083 922 philosophi
1105 859 1141 899 ex
1164 840 1361 902 antecedente

112 959 181 1001 voce
208 938 454 1025 ''philosophie'’)
480 942 609 1003 doceant
640 943 665 1014 l,
689 939 737 1014 10,
761 939 807 999 10.
858 937 1065 1001 Subsistemus
1093 941 1218 1002 11111111
1251 951 1281 1003 11
1311 961 1362 1026 11,-

111 1041 211 1121 quenti
233 1041 319 1117 (aud.
334 1041 398 1116 die,
420 1042 497 1122 quod
521 1039 688 1124 antecedit)
711 1041 740 1114 4,
758 1040 785 1114 1,
801 1037 828 1100 6.
862 1037 943 1108 Quid
965 1040 989 1099 si
1014 1041 1150 1102 heredem
1174 1041 1292 1121 quidem
1314 1043 1361 1103 io-

110 1141 257 1204 stituisset
279 1162 318 1205 ex
346 1161 424 1216 asse,
455 1144 505 1204 sed
540 1143 646 1222 legatis
678 1143 722 1204 ita
753 1140 942 1201 exhausisset
969 1139 1052 1215 (aad.
1074 1139 1295 1222 hereditatem),
1329 1153 1362 1206 ut

111 1262 168 1304 uon
192 1243 319 1322 amplius
342 1262 429 1324 quam
453 1255 560 1324 quarta
583 1242 669 1327 (aud.
689 1249 778 1326 pars)
800 1241 984 1302 remaneret?
1007 1239 1036 1314 5,
1063 1243 1087 1316 1,
1110 1241 1139 1304 9.

190 1343 375 1405 Brevitatem
388 1362 456 1405 vero
469 1354 646 1406 consecutus
662 1354 708 1406 est
719 1342 809 1404 etiarn
824 1360 879 1402 usu
894 1341 973 1402 illius
988 1343 1098 1421 figurae,
1119 1361 1185 1423 quae
1201 1345 1361 1425 ’'zeugma’
1412 1360 1583 1466 ῩΜῙῊ

110 1452 243 1518 1111111,
266 1444 362 1506 velut:

190 1544 257 1607 Nec
278 1545 343 1625 ipse
367 1564 496 1607 meorum
519 1542 633 1607 lusibus
654 1563 708 1606 nec
730 1544 772 1606 illi
793 1543 900 1606 studiis
923 1544 995 1604 meis
1017 1542 1188 1626 obstrepunt
1209 1540 1360 1620 2,17,24.

108 1641 294 1728 Falpuribus
315 1645 374 1707 illae
397 1657 425 1707 et
448 1647 559 1707 similes
581 1656 611 1707 et
633 1646 759 1724 majores
781 1643 1022 1719 111116,20,9.
1045 1643 1259 1728 (Vocabulum,
1282 1649 1359 1726 quod

109 1754 154 1806 est
175 1743 393 1830 ’Julyuribus”,
414 1766 467 1827 pro
490 1747 592 1810 dativo
620 1756 651 1807 et
673 1745 806 1808 ablativo
829 1745 1000 1807 habendum
1023 1741 1094 1828 est).
1128 1746 1287 1808 Similiter:
1314 1749 1360 1808 Ne

109 1840 295 1910 sermonibus
316 1848 435 1928 quidem
459 1848 593 1927 malignis
615 1857 668 1909 aut
691 1847 821 1909 attendit
843 1858 896 1908 aut
917 1847 1007 1909 alitur
1028 1841 1058 1920 7,
1080 1846 1130 1918 26,
1153 1849 1181 1908 2.
1217 1848 1268 1908 Ad
1288 1850 1360 1910 abs-

107 1946 265 2008 tinentiam
293 1967 394 2010 rursus
423 1967 481 2010 non
508 1967 594 2010 secus
622 1969 657 2010 ac
685 1949 772 2009 modo
795 1947 834 2008 ad
858 1947 1006 2009 balineum
1029 1947 1165 2009 animum
1188 1948 1360 2030 vultumque

108 2047 259 2130 composui
279 2043 308 2122 7,
334 2050 360 2122 l,
381 2048 410 2112 6.

192 2147 409 2212 ”Reticeotiae”
431 2160 546 2225 autem,
568 2169 632 2231 quae
647 2168 743 2230 graece
766 2145 986 2234 α’ποσιώπησις
1007 2149 1124 2223 dicitur,
1147 2149 1359 2231 exemplahaec

109 2248 266 2312 annotavi:

190 2349 278 2412 Nunc
310 2369 379 2410 vero
401 2352 516 2413 -sed
549 2352 622 2413 nihil
656 2351 722 2413 volo
756 2351 791 2414 de
819 2353 914 2415 amico
943 2372 1009 2414 1111
1039 2351 1232 2431 adrogantius
1262 2350 1358 2413 dicere

106 2448 136 2523 4,
159 2449 207 2523 111,
229 2449 257 2512 9.
294 2449 394 2511 Tanta
415 2452 566 2514 Pallantis
588 2453 681 2534 ipsius
703 2488 744 2498 -
766 2453 836 2535 quid
859 2455 955 2516 dicam
980 2453 1078 2514 nescio
1099 2452 1129 2526 8,
1151 2451 1181 2524 6,
1206 2451 1252 2514 11.
1292 2452 1358 2514 Ν1-

105 2569 158 2630 per
179 2551 299 2631 quidam
322 2587 361 2596 -
383 2552 435 2614 sed
457 2553 562 2615 melius
585 2573 683 2616 coram
705 2553 735 2627 8,
757 2556 806 2628 22,
828 2555 856 2616 3.
889 2554 952 2616 011.
970 2555 1097 2616 Militem
1116 2554 1209 2634 jussit
1231 2553 1357 2616 caudam

105 2651 171 2731 equi
192 2686 233 2696 -
254 2651 369 2732 reliqua
391 2654 468 2715 nosti
490 2654 520 2728 3,
542 2653 571 2730 9,
595 2655 641 2717 11.

187 2750 260 2813 Alia
292 2752 385 2832 figura
417 2756 675 2818 commemoranda
702 2763 748 2816 est
776 2753 890 2818 116ιά
916 2753 1024 2819 doctr.-
1055 2753 1356 2836 811111111111111

104 2849 338 2936 voluptatemque
359 2855 489 2935 percipio
515 2858 542 2928 1,
566 2856 615 2929 10,
640 2857 686 2919 12.
719 2857 870 2936 Spurinna
892 2858 1072 2920 Bructerum
1095 2876 1193 2936 regem
1215 2857 1246 2918 vi
1260 2862 1291 2918 et
1305 2879 1358 2918 ar-

104 2953 161 3013 mis
192 2953 312 3015 induxit
333 2953 363 3014 io
386 2974 507 3035 regnum
535 2959 566 3031 2,
588 2952 618 3031 7,
639 2958 668 3018 2.
713 2955 826 3020 Omnes
848 2959 896 3039 qui
922 2956 1022 3040 picria
1037 2956 1188 3040 famaque
1209 2957 1358 3020 ducuntur

104 3053 134 3126 4,
158 3053 205 3128 12,
226 3052 255 3116 6.
298 3051 475 3134 Adjeceotis
502 3058 687 3138 hippodromi
709 3078 814 3120 nemus
834 3078 991 3142 comasque
1012 3067 1183 3139 prospectat
1204 3057 1234 3132 5,
1254 3057 1284 3132 6,
1310 3058 1357 3121 19.

105 3153 190 3234 Soepe
212 3154 291 3216 inter
310 3175 342 3218 11
364 3158 490 3236 maj0res
512 3159 698 3239 minoresque
726 3159 810 3240 quasi
832 3179 953 3221 cursum
973 3169 1179 3242 commersque
1200 3159 1358 3221 desumunt

104 3252 133 3328 8,
154 3255 205 3328 20,
226 3249 256 3317 7.

127 3389 130 3394 ·
185 3356 350 3419 Brevitatis
382 3367 483 3421 autem
506 3361 638 3422 studium
659 3361 690 3423 in
714 3381 747 3422 eo
770 3380 887 3442 quoque
910 3361 1050 3434 cernitur,
1083 3361 1162 3441 quod
1189 3359 1357 3442 frequenter

104 3456 202 3518 verbis
224 3457 328 3533 utitur,
350 3461 455 3539 quibus
478 3460 650 3541 significans
673 3463 808 3543 quaedam
832 3463 877 3522 vis
899 3462 1037 3540 subjecta
1059 3462 1116 3535 sit,
1137 3461 1234 3523 velut:

185 3559 295 3620 Modus
316 3559 407 3630 ruris,
435 3561 484 3641 qui
512 3573 618 3624 avocet
640 3564 733 3643 magis
761 3581 848 3643 quam
871 3563 1032 3642 distringat
1054 3561 1121 3641 (iat.
1143 3571 1281 3625 1111111
1303 3583 1356 3624 11-

102 3656 161 3740 ria)
175 3658 203 3732 l,
218 3659 268 3732 24,
283 3659 313 3721 3.
356 3661 563 3741 Distringebar
585 3663 698 3742 frigidis
721 3664 863 3743 negotiis,
886 3683 951 3744 quae
972 3663 1061 3725 simul
1084 3674 1115 3724 et
1137 3672 1267 3726 avocant
1288 3663 1354 3741 (int.

103 3778 125 3818 1
151 3757 261 3821 studiis
291 3758 473 3842 litterarum)
506 3765 636 3826 animum
670 3773 701 3826 et
731 3763 936 3826 comminuunt
963 3763 993 3838 9,
1014 3767 1044 3837 2,
1068 3765 1095 3826 1.
1147 3764 1197 3826 Ab
1225 3764 1262 3824 iis
1291 3782 1355 3844 quae

104 3869 232 3921 avocant
257 3861 323 3938 (int.
346 3883 366 3923 1
387 3862 592 3944 meditatione)
613 3865 760 3928 abductus
783 3873 813 3926 11
835 3863 910 3926 liber
936 3863 967 3938 9,
989 3863 1039 3938 36,
1061 3867 1089 3927 2.
1113 3861 1199 3948 (Seu.
1221 3861 1353 3946 Quint).

103 3958 202 4039 Rogas
234 3970 269 4022 ut
298 3964 441 4041 pauculos
474 3965 554 4036 dies,
588 3973 668 4026 certe
689 3965 874 4045 proximum,
905 3984 1044 4027 excusem
1067 3965 1134 4044 (int.
1157 3961 1355 4048 pauculorum

102 4058 223 4122 dierum
244 4059 418 4126 dilationem
440 4065 609 4128 accusando
631 4065 802 4148 impetrem)
828 4065 964 4139 1,18,1.
1010 4067 1135 4128 Summa
1157 4073 1202 4126 est
1225 4064 1354 4126 facultas

103 4160 168 4235 (int.
191 4161 327 4236 dicendi,
349 4172 382 4226 11
402 4184 451 4244 ap.
474 4165 535 4228 011.
557 4168 643 4228 Brut.
665 4165 716 4240 95,
738 4160 815 4248 327)
837 4168 867 4240 2,
888 4167 918 4239 3,
943 4167 970 4228 1.
992 4166 1054 4229 011.
1080 4167 1106 4238 1,
1128 4164 1178 4238 20,
1202 4163 1249 4226 18.
1285 4164 1354 4226 Ad-

103 4260 243 4324 sidnitate
270 4263 361 4326 nimia
388 4265 518 4328 facilitas
540 4266 633 4346 magis
655 4285 745 4348 quam
767 4267 896 4329 facultas
919 4275 1045 4346 paratur
1070 4265 1101 4338 6,
1122 4264 1173 4339 29,
1195 4264 1224 4326 5.
1267 4265 1354 4327 Utri-

104 4379 157 4440 que
179 4365 282 4426 eadem
304 4365 383 4445 regio
404 4366 471 4444 (int.
484 4365 536 4428 ubi
556 4367 621 4430 1111
640 4365 776 4450 eramus)
797 4368 827 4442 2,
845 4368 871 4439 1,
885 4365 915 4428 8.
945 4367 1005 4429 err.
1028 4365 1243 4427 Ornamentum
1255 4367 1354 4446 regio-

106 4461 148 4524 nis
171 4483 242 4526 meae
263 4459 294 4538 7,
316 4467 367 4540 22,
387 4468 416 4528 2.
449 4465 635 4553 (Consimilis
663 4476 709 4530 est
736 4469 817 4530 locus
845 4469 919 4528 Hor.
941 4467 998 4545 Ep.
1024 4467 1051 4538 l,
1075 4463 1124 4539 15,
1144 4465 1190 4547 2).
1233 4465 1354 4547 Oppida

106 4571 205 4626 nostra
227 4565 294 4643 (iut.
317 4564 371 4627 ubi
391 4567 456 4628 uati
475 4573 593 4649 sumus)
614 4569 702 4630 11111
724 4568 782 4630 diei
804 4568 910 4629 itinere
931 4565 1111 4627 dirimuntur
1131 4563 1161 4641 6,
1173 4565 1203 4641 8,
1213 4569 1243 4629 2.
1280 4566 1354 4653 (His

106 4659 174 4724 locis
196 4664 319 4744 intelligi
336 4668 473 4748 patriam
487 4670 647 4754 regionem,
664 4669 772 4752 patria
792 4667 906 4751 oppida
928 4685 966 4728 ex
987 4663 1127 4728 universa
1148 4669 1352 4731 enuntiatione
