3264 5332
415 453 455 506 Dc
477 453 538 508 vita.
559 456 587 508 ot
609 451 764 506 elocutione
785 449 814 504 O.
837 451 922 506 Plinii
943 450 1046 508 cecilii
1067 455 1192 511 Secundi.
1411 457 1428 509 3

264 624 366 686 Prima
387 644 457 686 vero
479 625 585 705 puerili
606 623 797 686 institutione
819 624 972 698 absoluta,
995 645 1061 687 cum
1083 633 1184 705 togam
1210 625 1322 688 virilem
1348 647 1429 690 sum-

182 724 306 805 psisset,
329 735 363 787 ut
384 745 487 787 omnes
510 727 569 787 iere
587 721 715 806 juvenes
733 727 873 800 Romani,
896 726 1074 807 quiquidem
1091 726 1303 806 rempublicam
1325 747 1432 808 capos-

180 845 244 886 sere
280 835 309 888 et
341 827 380 887 ad
412 845 543 888 summos
576 827 744 908 reipublioae
777 827 903 888 honores
935 827 1089 907 pervenire
1122 827 1249 900 vellent,
1282 828 1432 889 rhetorum

182 925 302 988 scholas
325 928 515 1008 frequentare
538 929 648 1008 coepit,
675 939 709 989 ut
731 929 769 988 ad
791 928 949 994 dicendum
971 947 1003 988 se
1025 929 1233 990 conformaret.
1277 929 1354 989 Tum
1375 930 1433 991 Ni-

181 1035 267 1089 ceten
298 1027 490 1090 Sacerdotem
512 1029 653 1090 audiebat
675 1038 705 1090 et
727 1025 944 1097 Quintilianum
959 1027 997 1111 1),
1020 1028 1070 1109 qui
1092 1046 1126 1088 eo
1147 1036 1281 1108 tempore
1304 1031 1434 1091 maxima

181 1128 270 1189 laude
291 1129 427 1191 florebat.
470 1128 666 1210 Philosophia
693 1137 792 1191 autem
816 1120 948 1190 imbutus
971 1137 1017 1190 ost
1040 1149 1058 1189 a
1079 1129 1218 1190 Musonio
1232 1129 1273 1213 2),
1295 1131 1346 1210 qui
1367 1151 1433 1192 sec-

181 1237 244 1290 tam
279 1229 445 1306 Stoicorum
479 1229 671 1310 sequebatur,
699 1231 745 1291 cui
771 1229 934 1314 disciplinae
961 1229 1024 1309 ipsa
1052 1229 1168 1291 Plinius
1192 1241 1256 1292 erat
1279 1231 1434 1306 addictus,

181 1349 360 1411 quamquam
393 1350 451 1392 non
485 1330 586 1392 omnia
614 1331 678 1410 ejus
706 1327 1033 1412 pracceptaamplexus
1056 1349 1120 1390 esse
1142 1331 1268 1393 videtur.
1311 1332 1434 1395 Illorum

182 1430 299 1511 quidem
332 1440 546 1512 praeceptorum
580 1432 769 1495 institutione
803 1451 874 1493 usus
906 1440 969 1492 tam
997 1431 1061 1493 cito
1079 1432 1117 1492 ad
1139 1451 1204 1492 eam
1227 1434 1432 1495 maturitatem

182 1531 332 1611 pervenit,
355 1539 389 1594 ut
410 1531 631 1594 undevicesimo
653 1533 753 1594 aetatis
775 1551 853 1595 anno
875 1532 971 1594 dicere
993 1532 1023 1593 in
1046 1533 1112 1592 foro
1134 1530 1317 1618 inciperem)
1340 1532 1434 1617 (anno

180 1629 222 1692 80
243 1641 297 1694 aut
317 1631 355 1694 81
380 1652 408 1714 p.
432 1632 486 1694 Oh.
509 1630 566 1719 n).
610 1631 709 1703 Quam
743 1652 863 1694 causam
896 1641 959 1695 tum
989 1633 1082 1712 egerit
1103 1651 1160 1692 non
1184 1632 1291 1713 liquet,
1322 1636 1375 1696 sed
1397 1654 1435 1696 ex

182 1733 242 1794 alia
263 1735 391 1814 quadam
414 1752 514 1808 causa,
537 1753 624 1814 quam
641 1733 879 1810 adolescentulus
895 1754 953 1796 non
968 1734 1032 1796 sine
1047 1751 1187 1814 prospero
1202 1744 1311 1797 eventu
1327 1733 1434 1817 egit4),

181 1852 302 1894 cernere
330 1833 400 1896 licet
428 1853 494 1896 eum
524 1836 562 1896 ad
590 1835 747 1897 dicendum
769 1843 872 1915 aptum
895 1834 984 1897 titisse
1013 1854 1048 1896 ao
1075 1843 1190 1896 mature
1215 1854 1353 1915 maguam
1376 1836 1433 1898 sibi

181 1934 393 1996 auctoritatem
416 1935 584 2016 eloquentia
605 1935 765 2016 peperisse.

263 2035 338 2096 Viro
371 2025 469 2097 autem
502 2044 589 2098 tanta
621 2037 738 2099 dicendi
767 2035 911 2098 facultate
936 2037 1071 2116 praedito,
1086 2035 1170 2098 facile
1192 2035 1367 2115 contigisse,
1399 2045 1434 2097 ut

180 2135 258 2198 viam
281 2136 339 2198 sibi
362 2137 401 2196 ad
423 2136 549 2198 honores
571 2136 739 2217 reipublicae
761 2137 906 2211 muniret,
929 2147 1160 2199 consentancum
1182 2144 1243 2210 est,
1267 2129 1432 2217 pracsertim

180 2256 246 2298 cum
279 2257 339 2299 non
371 2236 467 2298 solum
501 2237 728 2299 clarissimorum
761 2238 868 2299 civium
898 2239 1028 2312 animos,
1060 2240 1110 2299 sed
1139 2237 1229 2299 etiam
1255 2237 1433 2318 nescioquo

181 2338 266 2399 modo
288 2337 472 2412 Domitiani,
504 2339 552 2400 cui
573 2338 703 2420 alioquin
726 2340 822 2400 omnis
844 2339 940 2400 virtus
963 2349 1044 2401 esset
1064 2349 1222 2418 suspecta,
1255 2339 1382 2418 gratiam
1404 2348 1435 2400 et

180 2439 312 2501 favorem
345 2439 440 2520 primo
472 2438 529 2499 sibi
562 2440 757 2501 conciliasset.
807 2440 948 2501 Forsitan
982 2439 1139 2501 crediderit
1171 2439 1357 2520 ''pessimus'‘
1376 2441 1434 2500 iste

178 2538 351 2618 imperator,
373 2539 514 2613 Plinium,
536 2541 585 2622 qui
608 2539 689 2602 molli
712 2541 872 2602 admodum
894 2549 925 2602 et
945 2541 1070 2603 flexibili
1091 2540 1188 2603 animo
1204 2551 1296 2613 esset,
1318 2540 1433 2614 facilem

180 2640 242 2700 fore
269 2640 447 2720 flagitiorum
475 2660 593 2702 suorum
618 2641 800 2712 ministrum,
823 2641 853 2702 id
875 2642 953 2722 quod
975 2660 1095 2722 prorsus
1117 2641 1205 2703 aliter
1227 2641 1337 2702 evenit.
1370 2641 1434 2702 Pli-

179 2739 246 2801 nius
269 2741 346 2802 enim
369 2741 458 2803 officii
480 2761 594 2803 memor
614 2741 749 2804 malebat
770 2742 831 2803 otio
853 2743 883 2803 in
906 2742 1026 2823 praediis
1048 2742 1110 2804 suis
1132 2742 1190 2803 frui
1212 2762 1299 2823 quam
1323 2741 1435 2823 impro-

180 2840 225 2902 bis
254 2842 385 2903 cousiliis
414 2842 556 2923 principis
586 2844 774 2924 obsequendo
800 2843 839 2904 ad
861 2843 1121 2923 splendidissimas
1144 2841 1306 2923 dignitates
1327 2863 1432 2924 perve-

179 2942 252 3002 nire.
284 2942 454 3025 Utcumque
470 2953 528 3017 est,
551 2944 741 3006 Domitianus
762 2945 857 3025 primo
881 2944 956 3006 favit
977 2943 1074 3006 Plinio
1098 2963 1223 3025 eumquc
1246 2945 1285 3006 ad
1303 2943 1432 3006 honores
1474 2945 1476 2950 ⁴

179 3042 329 3121 produxit.
373 3041 490 3113 Quibus
524 3055 625 3106 autem
654 3045 814 3107 honoribus
843 3044 958 3106 Plinius
991 3045 1031 3106 sit
1060 3045 1195 3119 iunctus,
1227 3045 1253 3106 si
1280 3047 1432 3126 quaritur,

179 3144 382 3222 cognoscimus
405 3165 444 3207 ex
464 3145 706 3226 inscriptionibus
728 3146 904 3226 quibusdam
927 3164 946 3206 a
966 3145 1164 3207 Mommsenio
1189 3145 1220 3206 in
1242 3145 1309 3220 illa,
1342 3167 1432 3227 quam

178 3262 269 3324 supra
291 3244 429 3321 laudavi,
459 3247 663 3326 disputatione
686 3247 842 3328 descriptis
855 3244 895 3330 ⁵).
940 3246 1013 3308 Inde
1035 3255 1176 3326 apparet,
1204 3266 1270 3308 cum
1293 3248 1337 3308 Fl.
1360 3247 1431 3308 Divi

179 3343 214 3405 Τ.
237 3342 315 3426 Aug.
339 3347 442 3422 fuisse,
475 3345 568 3430 (quod
590 3367 697 3409 munus
720 3367 786 3408 eum
809 3347 894 3409 Comi
916 3347 946 3408 in
969 3347 1069 3426 patria
1096 3347 1169 3408 urbe
1193 3347 1301 3409 obiisse
1325 3347 1432 3428 verisi-

179 3444 248 3506 mile
281 3454 370 3527 putat
400 3448 667 3533 Mommseniust),
695 3449 728 3510 X
756 3449 809 3510 vir.
831 3448 880 3510 stl.
899 3448 974 3528 jud,
1003 3449 1054 3510 Tr.
1077 3447 1139 3509 Mil.
1161 3447 1235 3528 ch.
1257 3449 1306 3511 III
1334 3449 1431 3524 Gall,

178 3545 266 3608 sevir.
288 3547 363 3628 Equ.
385 3547 423 3610 R.
447 3547 564 3619 Quibus
591 3549 759 3611 muneribus
792 3568 849 3632 quo
877 3559 1011 3629 tempore
1039 3549 1159 3611 functus
1192 3551 1233 3610 sit
1266 3570 1324 3612 non
1357 3549 1432 3612 satis

179 3656 312 3722 constat,
346 3669 399 3711 neo
432 3648 524 3711 ullam
553 3650 589 3711 de
619 3650 656 3712 iis
689 3649 751 3730 ipse
783 3651 962 3712 mentionem
996 3650 1081 3724 lecit,
1115 3649 1173 3711 nisi
1205 3651 1282 3731 quod
1315 3652 1431 3713 indica-

178 3747 237 3822 vit,
260 3768 292 3810 se
307 3749 480 3812 Domitiano
501 3750 716 3834 imperatorel)
739 3751 890 3813 tribunum
913 3752 943 3813 in
965 3749 1055 3833 Syria
1077 3750 1331 3814 adolescentulum
1353 3751 1432 3812 mili-

177 3846 310 3935 tasset),
332 3850 362 3912 in
385 3871 444 3931 qua
466 3850 573 3912 militia
593 3850 807 3932 Euphratem)
825 3850 1149 3936 etArtemidorun110)
1165 3852 1356 3933 philosophos
1374 3872 1431 3913 au-

179 3949 291 4013 diebat.
340 3950 491 4022 Quamdiu
523 3951 553 4012 in
587 3950 676 4032 Syria
704 3952 893 4026 militaverit,
925 3953 1155 4024 incertumst,
1187 3953 1240 4013 sed
1261 3972 1326 4012 eum
1350 3961 1430 4013 certe

178 4068 232 4111 sex
253 4069 369 4114 menses
390 4053 543 4133 stipendia
565 4051 672 4113 fecisse
694 4060 740 4114 cst
761 4053 992 4140 verisimile¹¹).
1035 4054 1152 4115 Plinius
1181 4053 1300 4129 deinde,
1333 4053 1358 4114 si
1381 4074 1431 4115 ra-

178 4150 275 4214 tiones
307 4153 497 4218 Mommsenii
529 4152 689 4234 sequimur,
722 4162 851 4234 quaestor
877 4154 936 4216 luit
957 4175 1036 4218 anno
1057 4154 1098 4218 89
1119 4176 1149 4237 p.
1172 4153 1227 4216 Oh.
1250 4174 1279 4214 n.
1302 4174 1339 4215 ex
1360 4155 1430 4217 Kal.

221 4334 246 4457 4¹)
271 4339 298 4404 2,
322 4340 369 4405 14,
393 4340 420 4394 9.
444 4341 474 4404 6,
497 4341 524 4405 6,
546 4340 573 4396 3.
709 4334 733 4407 ²)
756 4340 785 4404 3,
810 4341 857 4404 ll,
880 4341 907 4395 5.
1043 4333 1066 4408 ⁸)
1089 4341 1117 4405 5,
1140 4341 1168 4404 8,
1192 4341 1219 4396 8.

235 4427 245 4491 )
274 4428 298 4489 l,
324 4426 372 4490 18,
395 4427 422 4480 3.

222 4507 245 4577 ⁵)
267 4514 320 4568 Gir.
345 4514 429 4569 Orelli
451 4516 532 4571 Inscr.
555 4519 629 4572 Turn.
652 4516 672 4570 I.
699 4515 788 4570 1172.
812 4485 922 4570 chzen
945 4533 1010 4586 pag.
1036 4513 1104 4567 124.

222 4593 248 4668 6)
272 4604 289 4655 r.
301 4601 318 4654 1.
341 4618 404 4673 pag.
426 4602 494 4658 roo.
631 4595 652 4666 ²>
675 4602 704 4666 s,
729 4604 777 4666 14,
801 4604 828 4657 r.
962 4595 984 4666 ⁸)
1010 4601 1037 4662 3,
1063 4601 1109 4663 ιι,
1133 4600 1159 4655 5;
1187 4603 1234 4665 ro,
1256 4601 1295 4657 ar
1313 4603 1386 4672 (ro),
1408 4605 1430 4660 1.

222 4680 424 4753 hhwst.
567 4687 776 4755 Qssfflss·
937 4681 1124 4754 hsta
