3226 5332
307 453 347 507 Da
369 452 429 507 vita
450 452 479 506 et
501 452 657 508 elocutione
678 452 707 506 0.
731 452 816 506 Plinii
829 451 939 507 -anilii
962 450 1088 506 Secundi.
1271 443 1329 502 107

163 624 356 688 Umbraticua
377 646 430 706 pro
452 623 607 688 umbratili
620 625 738 700 dicitur,
762 625 872 688 additis
888 628 925 687 00
942 625 1120 688 locutionem
1137 622 1329 702 mitigandum

76 728 176 790 verbis
198 737 230 788 ut
252 727 294 788 ita
316 727 427 789 dicam.
466 727 531 787 Nisi
555 728 632 788 forte
656 728 791 789 volumus
812 727 1007 789 scholasticas
1031 726 1085 788 tibi
1107 735 1208 804 atque,
1230 733 1263 786 ut
1288 722 1331 783 110

73 828 190 901 dicam,
224 827 408 890 umbraticas
441 828 558 889 litteras
580 828 698 889 mittere
721 827 750 900 9,
773 830 802 902 2,
826 830 853 889 3.
876 828 963 910 (Seu.
986 829 1065 888 Petr.
1099 829 1250 888 Praeterea
1267 823 1330 902 jann

73 930 178 991 Plaut.
201 929 289 990 Cure.
311 928 342 1001 4,
365 931 394 1001 3,
416 929 457 990 24
488 928 628 1006 ignavum
653 929 800 989 hominem
824 928 900 988 dixit
922 926 1170 999 ''umbraticum”,
1196 933 1226 986 et
1251 923 1329 1004 apud

71 1029 180 1100 Quint.
203 1031 227 1092 1.
245 1030 280 1092 Ο.
306 1031 333 1102 l,
355 1031 385 1102 2,
409 1029 447 1091 18
469 1029 587 1108 legitur:
610 1029 805 1092 ’'Umbratica
827 1027 934 1112 vita”).

156 1181 227 1244 Jarn
262 1182 340 1262 apud
369 1181 536 1260 superiores
560 1179 721 1261 scriptores
749 1179 854 1240 iisdem
881 1181 942 1240 fere
968 1177 1236 1256 significationibus
1264 1174 1330 1256 qui-

70 1283 129 1343 bus
154 1282 233 1362 0000
256 1282 386 1343 Plinium
410 1293 440 1344 et
462 1282 606 1362 aequales,
628 1283 681 1342 sed
705 1281 800 1342 rarius
822 1281 1028 1341 inveniuntur:

156 1379 288 1444 Atticas
320 1403 373 1462 pro
406 1381 473 1446 alba
502 1402 561 1442 vox
588 1383 662 1443 satis
692 1401 760 1443 1010
783 1390 839 1442 est.
882 1380 972 1444 Color
1004 1379 1110 1442 caerulo
1143 1375 1275 1438 albidior
1301 1377 1331 1449 8,

68 1484 122 1555 20,
144 1482 176 1553 4,
199 1481 274 1566 (01.
296 1482 399 1566 Cels).

157 1582 348 1664 Acrauspro
370 1592 475 1656 abaco,
499 1584 577 1665 quod
601 1583 738 1646 usitatius
761 1594 815 1645 est.
851 1585 922 1644 Istce
945 1582 1060 1663 quidem
1084 1599 1167 1640 area
1182 1589 1212 1639 et
1228 1598 1330 1659 paucae

69 1683 215 1767 (statura)
240 1693 361 1746 1000001
393 1685 614 1765 manebuntque
644 1687 720 1746 Pan.
745 1684 795 1745 52.
828 1679 1343 1768 (1111000000.Ρ110.010]’.

71 1783 188 1867 Suet).
232 1784 374 1847 Forsitan
409 1786 525 1846 Plinius
554 1785 632 1846 hanc
659 1804 761 1846 vocem
785 1785 906 1864 elegerit
927 1793 1048 1864 propter
1070 1781 1135 1841 soni
1158 1779 1330 1841 similitudi-

71 1906 140 1947 nem
166 1887 302 1948 vocabuli
324 1885 426 1959 aurci,
449 1887 496 1947 oui
519 1887 687 1968 opponitur.
802 1907 804 1920 ’

157 1985 287 2049 Aureus.
330 1986 587 2056 Quemadmodum
612 1987 715 2048 Cicero
737 2006 789 2066 per
811 1985 1036 2047 translationem
1061 1983 1138 2045 dixit
1160 1983 1329 2044 ''aureolum

74 2087 224 2150 libellum’'
246 2086 359 2172 (Aoad.
383 2108 425 2167 pr.
448 2087 544 2160 2,44,
562 2087 651 2171 133),
674 2087 844 2148 ”aureolum
867 2085 1103 2148 oratiunculam*
1126 2082 1215 2169 (Nat.
1239 2085 1328 2146 Deor.

73 2189 103 2262 3,
128 2183 177 2261 17,
200 2187 267 2271 43),
290 2189 332 2250 sio
356 2196 451 2267 potitae
475 2191 535 2249 fere
557 2209 659 2249 ornnes
683 2208 735 2267 per
756 2189 985 2248 translationem
1008 2187 1053 2248 usi
1076 2195 1147 2247 suut
1169 2187 1257 2246 aurei
1276 2205 1330 2244 vo-

73 2290 180 2351 cabulo
203 2309 256 2369 pro
274 2287 414 2373 pulchro,
437 2291 657 2363 retractatui,
681 2308 788 2369 eosque
810 2299 929 2350 secutus
952 2289 1067 2350 Plinius
1090 2306 1143 2367 per
1164 2287 1329 2348 irrisionem

76 2389 167 2452 dixit:
201 2389 314 2469 Accipe
336 2411 461 2451 auream
485 2391 614 2451 10501010
645 2392 673 2460 2,
696 2390 745 2460 20,
771 2391 795 2450 1.
829 2389 1038 2472 (0001010
1066 2389 1156 2449 Rosc.
1185 2386 1255 2449 Am.
1278 2387 1329 2461 43,

79 2490 146 2551 124.
181 2489 300 2551 ”Venio
324 2491 461 2552 11011000
485 2492 556 2552 11100
579 2511 683 2551 0010011
708 2510 828 2551 aureum
851 2486 1082 2572 Chrysogoni'').

159 2589 320 2674 Benipnus
348 2593 383 2652 de
406 2591 493 2653 rebus
516 2591 623 2652 dicitur
645 2611 697 2671 pro
720 2589 813 2672 10100,
845 2591 980 2675 copioso,
1012 2589 1192 2652 abundante.
1236 2590 1331 2652 Velut

75 2690 131 2751 rivi
157 2711 196 2752 ex
223 2691 273 2753 illo
302 2691 514 2774 benipniaairno
544 2694 625 2754 fonte
648 2693 810 2754 decurrunt
832 2693 861 2766 3,
883 2692 933 2766 20,
958 2693 1005 2754 12.
1029 2690 1100 2775 (00.
1124 2693 1196 2754 Ηο1.
1220 2691 1329 2752 Tibull.

76 2791 146 2854 Seu.
170 2792 235 2874 01.)
280 2794 393 2855 Eodem
418 2795 505 2855 10000
527 2791 651 2877 benique
674 2795 847 2854 adverbium
872 2794 1000 2874 positum
1023 2803 1085 2854 est:
1108 2792 1160 2856 Sol
1177 2791 1329 2874 0011101110-

75 2892 148 2956 sima
170 2902 281 2974 praesto
312 2904 357 2956 est
379 2896 408 2968 5,
431 2893 460 2969 6,
484 2894 533 2967 26,
567 2914 651 2976 quem
686 2915 772 2956 usum
807 2915 843 2955 ne
877 2893 983 2974 optimi
1016 2895 1133 2976 quidem
1167 2895 1328 2975 scriptores

75 2995 232 3074 aspernati
254 3006 335 3057 sunt.

157 3093 298 3156 Bibulus.
341 3094 467 3157 Bibulae
492 3097 631 3157 dicuntur
659 3116 721 3169 res,
748 3115 813 3176 quae
836 3095 987 3157 humorem
1011 3095 1097 3156 100110
1120 3095 1251 3158 sorbent.
1296 3096 1329 3158 Si

75 3197 190 3258 scabrae
212 3194 351 3258 bibulam
373 3199 435 3259 sint
458 3196 602 3282 (chartae)
624 3197 654 3270 8,
678 3198 726 3269 15,
749 3200 778 3258 2.
801 3197 907 3279 (Verg.
931 3195 988 3257 01.
1010 3196 1099 3277 Col).

159 3293 270 3358 Canus.
314 3294 432 3360 Canum
465 3307 619 3378 potiturum
655 3318 733 3359 more
766 3297 842 3358 dixit
871 3316 960 3358 mare.
1004 3294 1121 3359 Canum
1146 3298 1329 3360 0110010010

75 3396 103 3471 6,
127 3398 176 3472 31,
204 3391 250 3459 17.

158 3495 345 3582 Conspicuus
371 3519 424 3579 pro
451 3498 580 3582 insipat,
603 3497 723 3561 illustri.
766 3500 858 3562 Pater
886 3520 1000 3581 quoque
1023 3512 1053 3563 et
1075 3511 1200 3582 patruus
1221 3501 1331 3564 illustri

75 3599 161 3660 laude
185 3599 338 3683 conspicui
358 3600 386 3672 3,
409 3602 437 3672 3,
462 3601 487 3661 l.
512 3599 582 3682 (Ov.
604 3601 669 3662 Liv.
693 3602 802 3663 Tibull.
825 3601 897 3662 Tac.
920 3599 1030 3686 Suet).

159 3696 280 3762 Cruduc
302 3699 421 3781 propria
443 3701 661 3778 significatione
683 3722 749 3763 1010
772 3712 943 3782 usurpatur.
977 3701 1113 3765 Crudum
1128 3703 1163 3789 (1.
1177 3726 1201 3765 0.
1214 3702 1329 3788 recens)

76 3801 172 3863 adhuc
196 3801 303 3862 vulnus
326 3802 509 3862 medentium
532 3824 638 3864 manus
660 3803 834 3865 reformidat
857 3803 886 3877 5,
911 3802 959 3878 16,
985 3805 1030 3866 ll.
1054 3804 1125 3888 (Ov.
1138 3806 1211 3867 Hor.
1224 3803 1328 3888 post).

159 3897 276 3963 Carano
297 3921 350 3981 pro
373 3901 504 3976 adunco,
527 3900 637 3986 inflecto
660 3904 739 3982 0000
762 3924 864 3964 omnes
888 3906 1077 3984 1010000100
1100 3914 1130 3966 et
1151 3907 1229 3986 0000
1253 3905 1327 3968 Sall.

77 4000 173 4085 (Hist.
198 4003 227 4075 4,
250 4002 300 4076 20,
323 4004 367 4064 00.
390 4002 533 4086 Dietsch)
557 4005 664 4082 legitur
679 4002 715 4086 ¹).
760 4005 849 4083 Apud
880 4005 959 4068 Plin.
982 4006 1161 4068 translatum
1191 4007 1327 4069 0110110-

76 4102 136 4164 bet.
183 4102 354 4165 Invenimus
383 4103 431 4184 qui
458 4123 551 4164 curva
577 4105 733 4183 corrigeret
754 4105 783 4179 5,
806 4105 825 4168 9
847 4104 930 4190 (21),
953 4107 981 4170 6.
1021 4107 1102 4169 Num
1130 4118 1326 4190 praeterquam

77 4202 121 4264 his
144 4205 217 4265 locis
240 4205 318 4283 apud
340 4204 445 4267 solutae
467 4206 612 4266 orationis
635 4207 794 4287 scriptores
818 4208 994 4281 inveniatur,
1017 4208 1131 4270 dubito.

159 4302 279 4366 Daccna
306 4324 360 4385 pro
386 4303 528 4388 00101110,
561 4306 666 4369 decoro
694 4308 823 4387 ponitur.
866 4309 964 4372 Credo
986 4308 1118 4372 decentes
1141 4329 1205 4372 essa
1226 4331 1329 4374 servos

79 4405 105 4477 l,
127 4406 178 4477 21,
201 4408 229 4467 2.
263 4403 337 4488 (Ov.
360 4407 432 4468 Hor.
456 4408 545 4488 Prop.
569 4405 673 4490 post).
717 4408 870 4471 Aduerbio
899 4410 1041 4482 decenter,
1068 4411 1145 4490 quod
1174 4412 1204 4486 5,
1229 4410 1276 4485 19,
1299 4413 1328 4474 3.

79 4503 107 4576 6,
130 4506 221 4579 21,5
251 4506 366 4586 legitur,
388 4507 477 4568 etiam
502 4509 675 4570 Ciceronem
702 4507 796 4594 (Oaeo.
827 4509 877 4584 26,
901 4504 956 4592 74)
978 4529 1062 4570 usum
1087 4530 1151 4572 esse
1174 4512 1203 4574 in
1228 4512 1329 4576 lexicis

79 4631 274 4643 ——..-..

124 4685 143 4754 ¹)
166 4692 288 4746 Sallustii
311 4695 398 4748 locum
421 4695 511 4748 Krebs
534 4713 554 4760 s⁴
577 4713 601 4749 v.
625 4696 721 4751 omisit.
