3264 5332
315 435 355 488 De
378 436 438 488 vita
458 435 487 489 et
508 430 663 488 elocutione
684 429 713 485 (l.
736 430 821 487 Plinii
842 431 944 488 0661111
965 432 1092 489 Secundi.
1291 435 1329 490 85

80 601 211 664 Plinium
235 603 353 666 videtur
375 602 540 684 significare
563 603 790 666 instrumentum
813 604 851 666 ad
873 605 1008 669 incendia
1030 607 1245 690 exstinguenda
1268 608 1332 670 fac-

79 711 143 764 tum
167 703 292 789 (Suetlr.
308 704 541 788 Brandspruta).
578 704 685 766 Nullus
707 724 830 786 usquam
854 705 886 768 in
901 709 1019 787 publico
1034 708 1115 791 sipo,
1137 707 1218 771 66116
1233 707 1332 782 116166,

76 803 193 868 6611661
222 806 348 886 denique
370 805 599 868 instrumentum
623 806 660 866 ad
684 806 821 867 incendia
843 810 1055 888 compescenda
1078 810 1127 886 10,
1144 810 1184 871 33
1201 805 1285 893 (42),
1303 810 1331 871 2.

167 903 360 989 Sipnnaalae.
405 907 470 968 Hoc
498 907 687 969 substantivo
714 907 896 969 deminutivo
925 909 1085 991 superioris
1112 909 1193 973 vocis
1215 909 1331 971 Plinius

71 1006 193 1088 primus
227 1027 297 1070 usus
330 1026 397 1068 esse
429 1006 549 1069 videtur
575 1008 611 1068 de
633 1007 749 1080 fistula,
782 1026 836 1086 per
863 1028 951 1089 quam
974 1031 1052 1092 aqua
1074 1012 1201 1074 ducitur.
1245 1009 1332 1073 01166

67 1107 231 1194 &penculi
252 1109 350 1188 plures
371 1107 497 1170 miscent
514 1108 761 1188 jucundissimum
784 1127 915 1171 murmur
936 1110 966 1186 5,
989 1109 1019 1185 6,
1041 1113 1090 1174 23.
1113 1110 1163 1175 36.

161 1298 236 1359 Haec
258 1296 283 1358 ei
306 1315 371 1358 cum
395 1295 558 1378 aequalibus
580 1297 747 1358 communia
769 1305 848 1358 sunt.

161 1410 251 1496 sipon
283 1432 337 1494 616
368 1411 440 1475 ludo
472 1413 602 1494 ponitur.
646 1413 811 1495 Gymnicus
839 1433 917 1496 apen
939 1416 1018 1495 apud
1042 1415 1229 1478 Viennenses
1251 1417 1331 1477 cele-

68 1515 223 1577 brabatur
243 1516 274 1589 4,
296 1516 345 1589 22,
371 1516 396 1578 1.
419 1515 448 1576 3.
472 1509 500 1577 7.
533 1516 580 1588 10,
603 1508 642 1576 75
665 1509 748 1599 (79),
770 1517 799 1578 2.
827 1516 875 1586 10,
898 1515 957 1600 118
979 1513 1082 1602 (119),
1105 1517 1134 1576 2.
1157 1514 1284 1600 (Suet).

160 1613 344 1698 Bibliopola.
387 1616 455 1677 Nisi
488 1623 589 1678 temen
611 1616 734 1678 auribus
764 1616 874 1678 nostris
897 1613 1062 1698 bibliopolae
1083 1615 1278 1679 blandiuntur
1302 1618 1330 1690 1,

66 1719 104 1791 2,
120 1715 151 1778 6.
174 1717 204 1791 9,
223 1718 270 1791 11,
286 1718 314 1778 2.
358 1714 493 1801 (Mart).
521 1714 627 1778 Latini
656 1716 795 1778 videntur
819 1725 890 1797 apto
920 1716 1037 1778 6616166
1066 1717 1105 1779 ad
1128 1717 1184 1779 hoc
1207 1719 1327 1780 verbum

68 1818 261 1879 reddendum
284 1818 424 1878 caruisse.

158 1916 264 1980 Diaeta
289 1919 367 1998 apud
397 1917 567 1980 Ciceronem
597 1916 680 2002 (Att.
702 1919 733 1992 4,
755 1919 784 1991 3,
806 1917 841 2001 3)
862 1918 1011 1999 significat
1037 1916 1184 1981 rationem
1214 1919 1329 1996 victus,

68 2005 156 2097 apud
189 2019 319 2081 Plinium
354 2027 385 2080 et
416 2019 544 2100 aequales
577 2019 690 2100 aliquot
717 2019 796 2080 idem
825 2021 903 2100 quod
925 2017 1106 2092 tabulatam,
1139 2020 1328 2102 contipnatio.
1437 2059 1438 2062 =

67 2121 134 2181 Est
163 2119 192 2181 16
222 2120 279 2182 1166
301 2119 390 2181 ‹lioeta
413 2119 616 2182 dormitorium
641 2119 806 2182 cubiculum
830 2119 859 2193 5,
881 2119 910 2195 6,
933 2122 984 2182 21.
1006 2121 1057 2180 20.
1080 2116 1130 2182 27.
1153 2119 1203 2199 28.
1225 2122 1256 2195 2,
1280 2120 1328 2195 17,

77 2222 123 2282 12.
150 2221 197 2281 15.
220 2221 269 2282 20.
292 2220 340 2282 24.
364 2218 393 2293 6,
417 2218 465 2295 16,
492 2220 537 2281 14.
559 2215 590 2295 7,
612 2221 641 2295 5,
666 2222 693 2283 l.
716 2219 818 2306 (Suet.
841 2221 922 2284 Stat.
946 2218 1057 2303 Petu).

157 2319 276 2405 Eelopo
298 2321 406 2384 dicitur
429 2324 517 2383 breve
538 2328 655 2402 666166.
689 2322 760 2384 Sive
782 2322 886 2399 idyllia
907 2322 970 2383 sive
992 2319 1107 2403 eclopoe
1133 2342 1241 2384 vocare
1263 2342 1328 2384 ma·

72 2422 217 2514 lueris‘4,
241 2423 289 2494 14,
311 2421 339 2485 9.
368 2419 492 2507 (Stat).
529 2422 608 2507 (cfr.
630 2422 759 2502 Vergil's
781 2422 943 2497 Gediehte,
971 2423 1017 2486 ed.
1040 2423 1193 2504 Ludwig,
1226 2423 1326 2486 Berlin

76 2519 165 2595 1870,
187 2523 266 2586 Einl.
288 2524 360 2603 Pag.
383 2522 429 2606 8).

158 2621 274 2707 Η66616
301 2623 417 2704 proprie
440 2624 588 2704 significat
613 2624 708 2698 idem,
736 2624 814 2706 quod
839 2644 948 2698 nexus,
977 2624 1084 2687 deinde
1105 2625 1149 2688 sic
1171 2624 1328 2687 dicebatur

71 2734 234 2787 curvatura
256 2732 344 2800 rotae,
373 2725 516 2797 canthus,
539 2726 601 2786 alia
622 2726 753 2806 ejusdem
777 2727 881 2786 formae
903 2724 1000 2808 (Plio.
1024 2725 1110 2809 maj.)
1118 2745 1126 2799 ;
1160 2725 1239 2806 apud
1261 2727 1327 2787 Pli-

73 2826 153 2888 nium
187 2827 331 2887 minorem
364 2826 483 2906 ponitur
510 2827 546 2887 de
574 2826 792 2888 semicirculata
816 2828 910 2888 forma
932 2825 1055 2906 parietis
1078 2826 1216 2892 cubiculi.
1260 2826 1328 2888 Ad·
1367 2861 1372 2884 l

72 2928 204 2988 nectitur
234 2926 340 3006 angulo
374 2926 540 2989 cubiculum
574 2927 604 2989 in
637 2925 767 3010 hapsida
792 2937 949 2989 curvatum
971 2929 1002 3002 2,
1027 2922 1075 3003 17,
1095 2928 1124 2991 8.
1168 2927 1233 2990 Alii
1255 2927 1285 2990 h.
1308 2927 1328 2991 l.

70 3028 198 3107 intelligi
222 3027 448 3090 fornicationem
471 3027 545 3089 tecti
566 3029 613 3088 vel
635 3047 783 3089 cameram
807 3027 993 3090 existimant.

155 3125 353 3212 Hypenbaton
385 3148 438 3210 pro
470 3128 705 3210 transmeatione
736 3130 766 3190 in
800 3128 933 3190 oratione
965 3128 1083 3192 dicitur.
1135 3129 1214 3191 Num
1242 3128 1327 3210 potui

71 3229 187 3310 longius
210 3228 392 3312 hyperbaton
415 3230 513 3292 iacere
535 3228 565 3303 8,
587 3223 617 3303 7,
639 3231 669 3291 2.
693 3227 842 3313 (Quint).

153 3327 369 3414 Hypocauston
391 3331 507 3410 proprie
523 3330 638 3411 quidem
655 3331 801 3410 significet
816 3330 1003 3410 vaporarium
1020 3328 1174 3416 (balinei),
1196 3331 1248 3393 sed
1260 3331 1327 3393 Ρ11-

72 3433 137 3494 nius
160 3433 203 3495 sic
224 3431 302 3494 dixit
317 3432 418 3492 cellam
437 3431 545 3492 balinei
560 3431 717 3512 vaporatio
733 3432 920 3495 calefactam.
941 3431 1071 3512 Adjecet
1084 3429 1285 3516 hypocauston
1298 3435 1328 3506 2,

73 3526 120 3606 17,
145 3533 193 3595 11.
217 3533 265 3593 23.
289 3533 318 3606 5,
340 3531 370 3606 6,
392 3532 447 3594 25.’
470 3533 592 3616 (Stat).
619 3533 764 3616 (71165,
789 3534 835 3606 10,
860 3533 874 3595 1
899 3551 977 3595 6666
999 3532 1106 3612 legitur
1126 3533 1326 3618 bppocouea's).

153 3631 330 3716 Iatnoliptes
358 3632 466 3695 dicitur
495 3634 640 3706 medicus,
667 3634 717 3715 qui
744 3633 884 3698 unctione
909 3642 939 3695 et
967 3632 1105 3696 frictione
1129 3635 1239 3698 morbis
1262 3654 1325 3695 me-

70 3735 167 3797 detur.
212 3735 344 3797 Plinium
378 3734 517 3814 majorem
551 3734 643 3797 latine
676 3735 841 3816 appellasse
875 3735 1081 3799 '’reductorem
1115 3732 1326 3809 medicorum’',

70 3835 140 3916 quia
172 3835 258 3896 161116
290 3835 452 3915 iatraliptae
484 3836 561 3896 servi
594 3835 712 3916 quidam
747 3836 927 3898 medicorum
960 3845 1074 3910 essent,
1107 3835 1269 3898 Forcellini
1294 3835 1323 3896 16

72 3937 167 3998 lexico
202 3936 454 3998 commemoravit.
509 3935 697 3998 Gravissima
725 3935 897 3999 valetudine
926 3946 1052 3998 vexatus
1074 3935 1248 4021 iatralipten
1269 3935 1325 3998 ad·

71 4038 184 4118 sumpsi
209 4037 257 4108 10,
279 4036 299 4098 5
321 4036 383 4120 (4),
407 4036 433 4099 l.
458 4036 506 4110 10,
529 4036 548 4098 6
570 4033 655 4120 (22),
680 4038 706 4098 1.
730 4036 779 4109 10,
804 4038 841 4099 10
862 4035 925 4122 (5),
951 4039 976 4100 1.
1000 4036 1096 4120 (Cels.
1118 4037 1226 4118 Petu).

155 4135 285 4200 Lemma
312 4139 399 4198 modo
422 4136 530 4199 dieitur
552 4146 757 4217 argumentum
779 4139 936 4213 carminis,
964 4139 1051 4200 modo
1074 4155 1193 4199 carmen
1215 4136 1323 4217 ipsum.

72 4235 202 4300 Lemma
224 4237 281 4298 sibi
295 4238 435 4316 sumpsit,
457 4239 535 4320 quod
553 4257 606 4318 ego
628 4238 774 4300 interdum
790 4239 927 4301 versibus
942 4239 1011 4300 ludo
1032 4238 1062 4310 4,
1073 4233 1124 4310 27,
1137 4238 1164 4299 3.
1187 4234 1323 4324 (Μ611.).

73 4339 105 4400 Si
134 4339 207 4402 mihi
236 4357 273 4400 611
295 4338 351 4400 1166
373 4339 438 4420 1666
462 4339 599 4401 lemmate
622 4340 770 4402 secundus
794 4360 898 4403 versus
921 4337 1081 4401 occurrerit
1101 4337 1180 4401 Ibid.
1213 4336 1324 4424 (Apud

74 4439 244 4503 Ciceronem
269 4437 354 4523 (Div.
376 4440 475 4514 2,53,
494 4438 568 4524 108)
590 4440 691 4520 graecis
714 4441 822 4504 litteris
847 4440 990 4521 seriptum
1013 4437 1122 4500 dicitur
1143 4457 1196 4519 pro
1218 4458 1323 4522 sump-

75 4540 160 4602 tione.
205 4539 428 4620 ”sumptiones
451 4559 486 4601 ea
508 4560 572 4621 quar
594 4538 740 4626 λήμματα
760 4542 915 4624 appellant
937 4537 1128 4622 dialectici').

154 4637 290 4702 Metram
317 4641 354 4702 de
384 4659 522 4704 versuum
551 4641 742 4707 dimensione.
785 4644 927 4706 Plautum
956 4638 1002 4699 vel
1033 4638 1206 4702 Terentium
1228 4649 1323 4706 metro
