3226 5332
286 456 326 511 De
348 457 408 511 vita
430 459 458 510 et
481 458 636 514 elocutione
658 459 687 514 d.
711 457 796 512 Plinii
818 457 920 512 Gaecilii
942 457 1066 511 Secundi.
1267 457 1304 510 99

133 623 232 704 Supra
258 626 403 702 indicavi,
438 649 515 696 nova
541 637 572 690 et
597 630 744 693 inusitata
770 642 936 710 aucupatos
959 650 1024 692 esse
1046 631 1223 708 scriptores,
1257 629 1306 709 qui

68 732 122 786 ost
143 725 314 805 Augustum
338 730 477 804 fuerunt,
512 750 619 811 eosque
646 732 810 793 audacibus
840 732 1090 793 translationibus
1113 740 1144 791 et
1165 729 1306 791 inauditis

68 835 216 906 equenter
238 848 308 890 usos
330 849 411 903 esse,
439 833 518 892 unde
540 831 692 893 fluxerunt
715 833 810 893 minos
835 833 954 894 usitatae
977 831 1206 911 significationes
1229 828 1306 890 mul-

68 947 146 989 ]rum
168 929 410 1010 participiorum,
439 952 504 1012 quae
526 952 592 995 cnm
616 933 831 1011 adjectivorum
856 934 918 992 lere
942 934 1005 992 loco
1028 933 1128 1012 posita
1149 933 1223 1004 sint,
1259 930 1306 993 hic

68 1029 125 1090 ,bet
151 1029 256 1091 afferre
283 1050 345 1092 una
374 1052 440 1093 curn
463 1032 622 1113 adjectivis
645 1033 824 1113 quibusdam
848 1033 1073 1113 participiorum
1097 1033 1212 1094 ratione
1235 1051 1307 1093 con-

68 1129 197 1192 armatis.

128 1297 185 1358 His
212 1299 272 1359 fere
299 1299 465 1380 participiis
495 1300 712 1379 adjectivorum
742 1301 806 1362 loco
835 1300 941 1381 positis
968 1296 1085 1361 Plinius
1114 1318 1221 1360 novam
1245 1298 1305 1360 vim

68 1398 204 1477 uposuit:

133 1510 387 1600 Circumscriptus
421 1516 547 1578 diversis
580 1519 676 1579 modis
705 1527 866 1597 usurpatur
895 1518 974 1598 apud
1003 1535 1106 1577 omnes
1128 1514 1304 1593 scriptores,

68 1615 99 1674 ed
123 1615 160 1676 de
183 1624 302 1678 oratore
325 1618 428 1678 eadem
450 1617 680 1696 significatione,
704 1639 761 1699 qua
779 1639 903 1702 pressam
918 1617 1034 1690 dicitur,
1057 1615 1208 1696 numquis
1226 1635 1304 1695 prse-

68 1735 94 1777 er
128 1715 260 1778 Plinium
294 1718 429 1797 posuerit
460 1718 490 1778 in
523 1719 645 1780 dubium
679 1729 779 1800 potest
802 1719 912 1780 vocari.
957 1719 991 1778 lu
1014 1715 1203 1779 contionibus
1225 1716 1303 1776 idem

68 1817 98 1879 ui
121 1816 150 1878 in
173 1818 360 1879 orationibus
383 1828 447 1891 est,
476 1819 605 1898 pressior
633 1831 733 1882 tamen
757 1829 788 1881 et
809 1819 1065 1901 mreuvnseriptior
1092 1827 1123 1879 et
1146 1816 1303 1878 addoctior

68 1903 87 1992 ,’
102 1915 150 1991 16,
173 1917 202 1979 4.
245 1919 359 1980 Eadem
393 1933 439 1982 est
472 1921 549 1982 ratio
583 1922 705 1983 alterius
728 1921 866 1983 vocabuli
888 1920 1059 1992 adductior,
1088 1919 1166 1999 quod
1194 1936 1303 1996 argen-

68 2038 97 2079 ta
119 2019 253 2092 demum,
275 2028 309 2080 ut
330 2019 458 2092 videtur,
483 2030 574 2082 aetate
596 2042 649 2102 per
671 2022 901 2084 translationem
920 2022 992 2101 poni
1017 2031 1153 2101 coeptum
1177 2029 1222 2080 est
1250 2037 1302 2097 pro

68 2139 166 2193 resse,
189 2119 347 2194 adstricto,
371 2121 462 2182 dueta
485 2121 683 2203 translatione
707 2123 745 2184 ab
768 2121 912 2184 ”habenis
936 2120 1105 2183 adductis.'’

131 2232 298 2310 Hamatus,
320 2257 380 2318 qua
400 2257 472 2301 voce
493 2239 611 2319 propria
634 2239 849 2318 significatione
877 2238 921 2300 usi
944 2247 1015 2299 sunt
1036 2237 1126 2300 Lucr.
1142 2237 1198 2300 Ov.
1214 2236 1303 2311 Vita,

68 2337 109 2399 lic.
132 2335 190 2400 Ac.
213 2357 257 2418 pr.
269 2339 299 2413 2,
321 2339 372 2414 38,
396 2339 466 2414 121,
489 2358 508 2399 a
537 2340 637 2401 Plinio
666 2360 719 2420 per
746 2341 974 2403 translationem
998 2339 1117 2418 ponitur
1138 2340 1174 2399 de
1197 2357 1303 2398 mnne-

68 2439 129 2500 lbus
162 2457 196 2500 eo
226 2440 348 2501 consilio
377 2441 472 2514 datis,
500 2449 535 2503 ut
556 2441 598 2516 is,
626 2442 676 2523 qui
702 2452 878 2521 acceperat,
912 2441 1025 2519 majora
1054 2449 1301 2501 remuneraretur.

68 2540 113 2600 los
139 2557 194 2619 ego
221 2541 344 2602 viscatis
371 2540 559 2624 hamatisque
591 2542 762 2604 muneribus
791 2562 848 2603 tron
884 2562 939 2603 sua
967 2561 1101 2622 promere
1127 2551 1217 2622 puto,
1249 2541 1302 2600 sed

67 2640 146 2702 liena
174 2642 320 2721 corripere
343 2640 377 2715 9,
401 2644 450 2716 30,
473 2646 503 2704 2.
536 2642 701 2726 (Martialis
730 2643 832 2704 eadem
859 2643 1075 2722 significatione
1097 2642 1187 2704 dixit:
1214 2641 1302 2702 ''Mu-

69 2759 253 2821 aramagna
280 2743 398 2824 quidem
421 2744 518 2817 misit,
551 2744 603 2805 sed
634 2745 714 2805 misit
740 2744 768 2803 in
796 2743 904 2806 hamo’'
928 2740 957 2815 6,
979 2741 1030 2816 63,
1052 2743 1080 2803 5.
1124 2743 1186 2805 cfr.
1210 2742 1302 2830 '’Inri-

68 2842 279 2904 inturbantes
301 2844 401 2905 dona’'
425 2845 515 2906 Mart.
530 2843 560 2917 5,
586 2843 631 2919 ts,
655 2841 698 2928 7).

129 2957 277 3020 Inductus
297 2979 351 3041 pro
374 2962 529 3036 arcessito,
552 2960 673 3044 quaesito
695 2963 730 3023 de
751 2981 888 3022 sermone
911 2961 1033 3034 dicitur,
1061 2983 1079 3022 a
1101 2981 1161 3042 qua
1182 2961 1301 3041 quidem

67 3059 166 3122 icendi
194 3062 407 3124 consuetudine
434 3082 492 3124 non
522 3063 566 3124 ita
587 3063 711 3124 multum
736 3063 892 3136 abhorret,
924 3062 1001 3143 quod
1025 3063 1104 3141 apud
1127 3061 1301 3123 Ciceronem

68 3162 141 3223 Phil.
167 3162 214 3235 13,
238 3161 287 3236 19,
308 3163 359 3237 43,
376 3163 431 3247 al.)
454 3163 574 3243 legitur:
597 3162 704 3232 ”Quod
728 3165 851 3224 verbum
874 3163 992 3224 omnino
1015 3162 1127 3223 nullum
1149 3163 1178 3223 in
1202 3163 1302 3241 lingua

68 3263 143 3324 ttina
158 3270 220 3336 est,
241 3262 272 3324 id
294 3283 403 3326 novum
425 3264 571 3327 inducis.”
603 3265 678 3326 Cum
702 3286 736 3326 ea
758 3265 856 3344 potius
879 3283 943 3344 qnae
965 3263 1097 3344 pressius
1120 3272 1150 3323 et
1171 3263 1300 3325 adstric-

68 3365 106 3424 lus
140 3381 227 3443 quarn
250 3364 302 3425 illa
331 3385 396 3446 quae
424 3365 547 3427 hilarius
569 3373 599 3426 et
621 3367 706 3446 quasi
729 3365 911 3426 exultantius
939 3363 1044 3445 scripsi
1066 3364 1183 3443 possint
1205 3364 1300 3424 videri

67 3464 195 3526 reessita
216 3473 247 3526 et
261 3464 383 3527 inductu
405 3468 435 3539 3,
452 3466 501 3539 18,
519 3468 564 3529 10.
588 3466 618 3539 5,
633 3464 662 3541 6,
678 3466 727 3528 44.
751 3467 812 3528 cfr.
825 3466 958 3528 Insiticio
976 3474 1007 3527 et
1021 3465 1143 3527 inducto
1164 3483 1300 3526 sermone

69 3563 159 3639 ,3,5
183 3564 218 3626 de
240 3585 376 3628 sermone
399 3586 509 3649 graec,
532 3568 582 3648 qui
604 3568 765 3648 opponitur
786 3568 913 3628 sermoni
936 3567 1039 3629 latino.

131 3717 207 3778 Haec
229 3717 257 3778 ei
279 3737 346 3780 eum
368 3718 532 3800 aequalibus
554 3720 828 3780 communissent:

131 3811 298 3880 Gradatae
331 3814 504 3881 (deodatum
525 3820 643 3892 dicitur,
664 3821 741 3900 quod
763 3819 908 3899 graduum
931 3820 1057 3880 formam
1081 3818 1183 3879 habet.
1212 3817 1301 3878 Hane

68 3916 245 4002 maceriam)
265 3919 397 4004 qradato
419 3921 516 3982 buxus
539 3921 635 4000 operit
657 3930 688 3981 et
709 3919 862 3981 subtrahit
883 3918 912 3992 5,
935 3918 964 3992 6,
988 3915 1034 3980 17.
1063 3917 1155 4001 (Plin.
1179 3915 1273 3997 maj).

131 4033 305 4097 Inoutritus
327 4035 416 4098 alicui
438 4036 478 4098 rei
501 4037 618 4110 dicitur,
643 4038 692 4118 qui
709 4037 773 4116 jam
789 4037 859 4098 inde
875 4057 892 4098 a
909 4035 1037 4116 pueritia
1059 4036 1242 4096 assuefactus
1255 4041 1301 4093 est

69 4135 213 4217 liquare.
267 4137 370 4198 Donec
398 4138 532 4198 homines
555 4138 717 4200 innutritos
745 4137 820 4198 mari
851 4137 965 4200 subiret
990 4135 1116 4198 timendi
1147 4135 1242 4214 pudor
1269 4131 1299 4205 9,

68 4236 99 4310 3,
121 4235 150 4298 6.
192 4235 366 4300 Inoutritus
392 4238 505 4300 bellicis
533 4238 672 4301 laudibus
694 4258 797 4318 pacem
822 4258 906 4300 amas
928 4237 1003 4298 Pan.
1032 4233 1078 4298 16.
1112 4234 1207 4320 (Vell.
1230 4233 1300 4296 Seu.

68 4337 222 4421 luetati).

133 4452 284 4518 Pollutas.
327 4452 444 4519 Pullati
465 4457 641 4519 dicebantur
666 4457 801 4518 homines
823 4458 930 4519 infimae
952 4452 1063 4533 plebis,
1085 4453 1155 4531 quia
1171 4452 1302 4532 plerum-

68 4575 107 4634 *ue
135 4556 218 4636 pulla
244 4565 328 4619 veste
349 4568 435 4621 erant
460 4559 566 4620 induti.
609 4558 681 4620 Illos
710 4577 824 4639 quoque
850 4555 985 4617 sordidos
1005 4550 1194 4638 pullatosque
1216 4573 1301 4614 reve·
1414 4559 1416 4572 ’

68 4652 200 4730 emori,
223 4651 271 4733 17,
293 4656 322 4720 9.
344 4657 466 4744 (Quint.
488 4658 596 4744 Suet).
