3226 5332
207 447 265 508 1ra
693 447 720 505 J.
743 446 774 503 1.
797 446 964 520 neaeman.

201 643 266 688 cem
293 624 417 705 capiant
448 629 553 703 gentas
581 620 658 685 Pan.
681 622 730 683 32.
773 621 1024 686 Demonstramus
1045 619 1186 696 invicem,
1208 620 1356 686 oredimus
1378 619 1461 684 invi-

204 747 266 788 cem
288 727 363 788 Pau.
387 723 436 786 62.
480 722 514 806 3)
537 722 556 782 1.
579 740 604 782 1.
628 743 655 804 q.
678 723 756 784 inter
777 743 821 797 ae,
843 745 913 798 noa,
934 744 1000 797 vos,
1022 720 1199 785 alten-alten.
1241 721 1461 784 1411111111ιυί-

202 848 265 890 cam
286 824 500 889 adulescentuli
529 822 679 903 coepimus
707 821 736 898 6,
758 822 788 896 8,
811 827 841 888 2.
884 824 1016 888 Invicem
1047 844 1100 885 vos
1128 823 1253 903 obligari
1285 823 1398 904 putetis
1427 817 1459 897 7,

204 924 233 1001 7,
258 928 284 990 1.
338 925 471 988 Invicem
503 925 656 986 ardentius
689 924 844 1004 diligamus
877 921 907 998 7,
935 926 985 1000 20,
1014 920 1044 998 7,
1093 924 1176 986 Idem
1210 925 1283 987 estis
1314 923 1459 998 invicem,

203 1029 281 1110 quod
304 1026 403 1090 fuistis
424 1029 500 1090 Pan.
521 1024 571 1087 83.
607 1023 722 1088 Addita
746 1026 918 1105 pronomina
940 1047 986 1089 sar
1008 1025 1141 1088 Invicem
1163 1045 1192 1086 sc
1215 1026 1325 1090 mutuis
1346 1025 1460 1088 exhor-

204 1129 369 1192 tationibus
397 1126 485 1190 amici
518 1126 556 1188 ad
585 1145 714 1188 amorem
744 1127 979 1191 immortalitatis
1007 1135 1159 1188 exacuunt
1180 1127 1209 1199 3,
1230 1119 1261 1200 7,
1286 1125 1333 1189 lb.
1377 1126 1459 1188 Ram

203 1229 364 1292 maximam
387 1228 512 1291 invicem
534 1227 720 1308 praestitistis
742 1228 820 1290 Pau.
844 1227 872 1292 6.
895 1228 945 1292 84.
990 1229 1135 1292 Certatim
1162 1245 1230 1307 ergo
1259 1227 1314 1290 tibi
1341 1227 1459 1307 gratias

202 1330 332 1410 agimus,
365 1349 416 1409 ego
449 1329 527 1410 quod
556 1327 637 1390 illam
671 1327 757 1402 mihi,
791 1328 843 1391 illa
870 1331 947 1410 quod
977 1349 1022 1390 me
1049 1327 1105 1390 sibi
1140 1328 1255 1390 dederis
1288 1328 1374 1409 quasi
1405 1328 1460 1390 in·

102 1499 104 1504 ,
201 1430 294 1494 vicem
320 1430 443 1511 elegeris
470 1431 499 1502 4,
525 1428 572 1502 19,
594 1427 623 1490 8.
667 1429 784 1491 Horum
808 1438 963 1511 utrumque
989 1429 1116 1491 invicem
1152 1429 1323 1508 adjumento
1347 1428 1459 1503 11114,

201 1534 251 1606 20,
269 1535 297 1594 2.
331 1532 425 1614 (Num
450 1531 514 1612 quis
537 1539 606 1591 ante
623 1538 796 1609 argenteam
818 1539 940 1592 aetatem
957 1528 1122 1596 ''invicem”
1144 1529 1254 1591 dixerit
1275 1549 1329 1610 pro
1354 1529 1459 1591 ”inter

200 1634 263 1707 sa'',
285 1633 404 1706 dubito,
427 1651 494 1694 nam
517 1630 567 1712 qui
590 1630 671 1693 locus
694 1632 732 1692 ab
756 1631 876 1694 Haedis
888 1653 912 1693 s.
929 1651 966 1705 v.,
982 1631 1055 1711 Pag.
1071 1629 1131 1692 455
1148 1630 1287 1693 laudatus
1303 1638 1350 1692 est
1366 1627 1454 1715 (Liv.

200 1733 249 1808 41,
271 1735 300 1808 3,
323 1732 369 1818 3),
391 1733 488 1796 nescio
511 1753 548 1794 an
572 1731 661 1792 aliter
681 1732 776 1811 possit
798 1732 940 1812 explicari
956 1732 993 1815 ¹).
1437 1745 1440 1752 '

281 1848 333 1911 Ita
354 1849 474 1910 demvm
496 1848 597 1910 eadam
621 1848 848 1927 significatione,
871 1868 929 1930 qua
951 1857 1015 1910 tvm
1036 1847 1166 1922 demnm,
1188 1847 1217 1909 in
1243 1847 1456 1910 enuntiatione

199 1950 393 2014 conditionali
415 1968 473 2010 non
496 1949 613 2010 videtur
634 1958 703 2013 aute
726 1960 896 2031 argenteam
920 1959 1043 2022 aetatem
1066 1949 1094 2009 in
1121 1968 1176 2011 usu
1198 1946 1338 2032 fuisses).
1373 1947 1456 2018 Qui-

198 2054 253 2115 bus
280 2051 417 2113 omnibus
442 2050 484 2111 ita
512 2048 632 2110 demvm
654 2049 760 2112 similis
784 2051 947 2123 adolescet,
980 2051 1006 2112 si
1029 2049 1160 2111 imbutus
1182 2049 1314 2111 honestis
1336 2050 1456 2111 artibus

199 2153 290 2216 luerit
323 2153 357 2224 3,
380 2151 416 2225 3,
439 2152 466 2212 2.
502 2152 537 2223 3,
559 2148 589 2224 9,
615 2152 659 2214 11.
698 2152 777 2214 Pan.
801 2150 850 2214 68.
885 2151 990 2235 (Verg.
1023 2150 1101 2212 Aen.
1130 2149 1166 2224 6,
1191 2149 1250 2213 154
1282 2151 1387 2212 eadam
1423 2152 1455 2213 vi

197 2254 274 2316 dixit
296 2253 359 2314 ”sio
383 2249 545 2334 deruum'’).

281 2367 546 2452 Pariter-pariter,
580 2369 656 2450 quod
686 2368 814 2430 anaxime
842 2375 939 2450 pobtae
963 2369 1101 2431 videntur
1122 2367 1250 2442 dixisse,
1283 2369 1363 2447 apud
1385 2368 1455 2430 Pli-

196 2471 277 2533 nium
310 2479 341 2532 ct
373 2471 501 2552 aequales
534 2477 644 2530 exstat.
687 2468 812 2532 Pariter
840 2489 963 2551 aegrum,
989 2469 1109 2555 pariter
1133 2471 1295 2531 decessisse
1323 2471 1455 2550 cognovi

195 2571 225 2646 8,
246 2572 297 2644 23,
318 2571 348 2634 8.

286 2686 459 2773 Utcumque,
481 2687 684 2770 praeeuntibus
706 2684 793 2749 Livio
809 2685 874 2771 (29,
892 2687 939 2762 lb,
958 2686 989 2773 1)
1005 2698 1036 2751 11
1050 2687 1157 2768 pobtis,
1179 2687 1336 2750 relativam
1355 2688 1454 2770 signi·

195 2789 364 2852 ficationem
387 2789 497 2851 amisit.
540 2790 606 2851 Hoc
628 2798 786 2874 utcumque
808 2790 961 2853 tolerabile
984 2789 1013 2864 5,
1034 2790 1064 2862 5,
1087 2792 1115 2852 2.
1152 2789 1273 2853 Curatis
1288 2787 1470 2876 utcumque*

195 2891 368 2972 corporibus
390 2889 419 2964 6,
441 2891 491 2964 20,
515 2891 562 2953 19.

277 3091 429 3156 Adverbia
462 3092 645 3178 quantitatis.
689 3092 831 3168 Abunde,
863 3095 941 3176 quod
975 3095 1053 3174 apud
1087 3093 1259 3156 Ciceronem
1293 3116 1351 3158 uno
1381 3097 1452 3163 loco

194 3195 280 3279 (Div.
303 3199 331 3269 2,
356 3197 383 3269 1,
406 3194 440 3278 3)
463 3203 582 3270 exstat,
604 3197 682 3276 apud
706 3195 899 3270 Sallustium,
928 3195 1063 3268 Livium,
1091 3201 1196 3276 petitas
1220 3215 1277 3257 non
1303 3217 1371 3260 raro
1399 3200 1451 3262 in-

193 3297 320 3370 venitur,
341 3294 439 3357 Plinio
465 3303 512 3356 est
537 3297 775 3360 usitatissimum.
813 3297 1011 3376 conjunctum
1037 3305 1083 3358 cst
1105 3315 1172 3358 cum
1194 3295 1255 3382 adj.
1292 3299 1452 3380 Baptista-

193 3398 236 3459 ria
258 3396 375 3459 abunde
397 3397 522 3476 capacia
543 3400 573 3468 2,
600 3392 646 3472 17,
671 3400 718 3461 11.
756 3397 884 3459 alberada
905 3398 1013 3460 misera
1035 3417 1083 3459 ras
1105 3397 1179 3459 Pan.
1195 3396 1246 3459 38.
1280 3399 1355 3462 Cum
1378 3423 1451 3465 vcr-

192 3496 245 3560 bis.
290 3497 485 3561 Scholasticis
508 3499 635 3560 dominis
658 3496 769 3585 sufficit
790 3497 909 3560 abunda
931 3508 1051 3562 tautum
1073 3498 1129 3560 soli
1154 3499 1180 3571 1,
1201 3498 1251 3571 24,
1272 3501 1302 3563 4.
1340 3503 1450 3567 Buxus

192 3597 461 3673 1111111111112,
485 3593 533 3672 17,
557 3599 657 3674 144,
682 3599 779 3673 12,5.
824 3599 900 3662 Cum
930 3599 1017 3664 verbo
1049 3619 1110 3663 assa
1140 3599 1332 3680 conjunctum
1364 3623 1450 3684 prae-

191 3699 284 3762 dicati
313 3700 377 3763 loco
406 3700 525 3780 ponitur
553 3720 634 3784 sequ.
657 3699 713 3783 inf.
738 3701 757 3764 1.
780 3699 808 3762 si
828 3701 986 3781 particula.
1036 3698 1165 3765 Abunde
1186 3701 1227 3764 sit
1248 3702 1376 3767 alterum
1401 3708 1450 3768 11-

191 3802 276 3864 boere
298 3800 327 3876 b,
348 3801 379 3874 8,
401 3794 429 3863 7.
473 3799 605 3864 Abnande
627 3809 686 3876 est,
715 3801 743 3864 si
763 3802 837 3864 satis
860 3803 995 3884 expressi
1022 3804 1099 3886 quod
1122 3802 1251 3865 afficitur
1271 3804 1300 3879 4,
1322 3806 1372 3881 30,
1394 3807 1447 3871 ll.

191 3896 220 3978 7,
241 3904 272 3976 2,
295 3904 322 3964 3.
356 3903 432 3964 Pan.
455 3902 504 3965 44.

274 4017 394 4082 Panum
416 4026 520 4080 contra
542 4037 650 4080 rnorem
675 4028 809 4083 veterum
830 4020 1008 4101 scriptorum
1030 4020 1161 4101 positum
1183 4019 1300 4086 videtur
1321 4041 1375 4105 pro
1400 4046 1447 4102 eo,

189 4121 266 4203 quod
288 4131 335 4184 est
357 4141 415 4184 aon
438 4118 579 4181 multam:
601 4119 686 4182 Adeo
711 4121 782 4183 nihil
806 4130 857 4183 aut
881 4131 961 4185 rente
982 4142 1095 4206 panum
1116 4122 1264 4186 intererat
1285 4124 1363 4188 inter
1385 4126 1446 4190 im-

189 4232 358 4304 peratorem
381 4224 491 4285 l'actum
516 4231 545 4283 et
567 4222 699 4283 futurum
721 4223 795 4284 Pan.
819 4224 869 4285 20.
893 4222 1013 4308 (Quint.
1037 4224 1106 4288 Seu.
1121 4223 1161 4310 3).

236 4436 254 4503 'l
277 4443 329 4498 011.
352 4441 537 4512 ngslsbach,
560 4442 608 4496 1.1.
632 4442 698 4511 Pag.
724 4439 794 4504 241,
818 4442 845 4497 8.

232 4522 254 4590 ²)
278 4530 328 4584 011.
352 4530 441 4583 Hand.
464 4529 541 4582 Tura.
564 4547 583 4582 1.
607 4546 631 4582 1.
655 4529 774 4588 demum.
798 4531 865 4601 Pag.
891 4530 960 4586 255.

232 4607 256 4684 ³)
279 4617 330 4670 011.
352 4632 413 4686 quae
437 4617 470 4666 da
493 4616 545 4667 hae
567 4633 596 4670 re
619 4614 769 4684 disputavit
793 4618 906 4688 Madvig
929 4622 962 4673 ad
987 4618 1038 4674 Cic.
1061 4617 1117 4673 Flu.
1143 4618 1171 4682 5,
1194 4619 1244 4682 30,
1267 4619 1317 4672 91.
1348 4618 1442 4675 Hand.

187 4700 262 4756 Tuas.
285 4719 305 4756 s.
330 4719 363 4766 v.,
385 4703 452 4772 Pag.
477 4700 547 4754 307.
