3264 5332
235 447 273 502 26
724 449 749 504 J.
772 449 803 504 P.
827 448 994 520 Lagergren.

315 619 405 682 Nunc
426 620 564 702 quoniam
588 620 679 682 vitam
702 621 792 683 Plinii
809 619 986 682 adumbravi
1003 639 1178 700 causasque,
1199 639 1251 682 cur
1266 619 1302 682 de
1318 618 1483 682 elocutione

232 719 295 798 ejus
317 719 471 800 disputare
493 723 717 796 constituerem,
739 721 874 802 exposui,
897 722 1009 801 scripta
1030 722 1111 800 ejus,
1133 740 1198 801 quae
1219 719 1258 781 ad
1281 729 1383 782 nostra
1404 727 1484 781 tern-

232 840 306 901 pore
329 836 511 896 manserunt,
533 824 722 902 percensebo.
756 821 835 884 Nem
859 822 894 882 de
917 823 1113 896 orationibus,
1135 839 1209 902 quas
1232 839 1334 882 omues
1357 828 1482 901 excepto

230 921 280 982 illo
303 922 333 983 in
356 923 518 1000 Trajauum
547 923 728 1005 Panegyrico
751 923 908 1003 iniquitate
936 931 1101 1003 temporum
1125 920 1264 1002 periisse,
1291 940 1382 1002 supra
1404 921 1484 982 indi-

232 1023 306 1096 cavi,
331 1023 442 1085 nullum
465 1024 558 1085 audeo
581 1034 691 1085 certum
708 1023 851 1102 judicium
871 1027 978 1098 lacere,
1000 1042 1178 1104 quamquam
1195 1031 1226 1084 et
1246 1041 1283 1084 ex
1298 1021 1482 1094 assensione,

230 1142 289 1202 qua
310 1123 349 1184 ab
371 1124 562 1186 audientibus
583 1134 653 1186 sunt
675 1133 823 1205 exceptae,
847 1133 876 1186 et
898 1143 937 1186 ex
958 1134 1067 1187 eventu
1088 1142 1240 1205 prospero,
1263 1124 1311 1203 qui
1329 1123 1397 1184 illes
1414 1142 1482 1184 ora-

230 1223 325 1285 tiones
353 1233 383 1284 at
411 1225 489 1304 apud
513 1225 714 1287 centumviros
737 1225 818 1286 etin
840 1224 1089 1288 senatuhabites
1111 1225 1302 1304 sequebatur,
1334 1223 1482 1304 suspicari

229 1323 307 1398 licet,
330 1325 405 1385 satis
428 1325 518 1387 fuisse
542 1323 747 1409 praeclarasl).
784 1324 926 1388 Carmina
942 1346 1022 1399 vero,
1044 1345 1110 1406 quae
1125 1324 1239 1404 longius
1256 1325 1374 1386 demum
1390 1331 1481 1387 aetate

229 1433 386 1505 provectus
419 1425 544 1488 recitare
574 1435 662 1506 atque
685 1427 772 1486 edere
796 1428 908 1508 coepit,
940 1426 1090 1489 communi
1112 1425 1258 1505 pernicie,
1291 1443 1351 1506 qua
1373 1444 1482 1505 magna

229 1545 298 1606 pars
321 1545 359 1587 ex
380 1526 499 1607 optimis
521 1546 635 1607 quoque
657 1527 776 1606 scriptis
799 1526 902 1589 latinis
924 1527 1053 1601 interiit,
1082 1526 1179 1588 deleta
1200 1545 1281 1599 esse,
1309 1525 1387 1588 haud
1414 1545 1480 1587 ma-

228 1645 355 1706 gnopere
378 1627 536 1689 dolendum
560 1629 620 1690 dixi
628 1646 636 1701 3
660 1647 726 1690 nam
745 1635 825 1689 certe
848 1628 895 1708 qui
919 1628 1016 1690 adhuc
1033 1635 1155 1689 exstant
1168 1626 1305 1690 versiculi
1320 1645 1379 1689 nou
1393 1625 1481 1688 modo

228 1727 374 1788 delectare
396 1747 454 1788 non
477 1738 603 1810 possunt
625 1727 772 1807 legentes,
800 1730 852 1790 sed
876 1729 966 1791 etiam
990 1729 1126 1790 acerbam
1152 1726 1304 1789 Ciceronis
1326 1746 1478 1801 versuum,

228 1847 312 1908 quem
347 1827 437 1888 etiam
470 1830 499 1891 in
535 1829 715 1891 carminibus
749 1830 910 1891 condendis
933 1830 1067 1891 imitatus
1094 1836 1156 1903 est,
1191 1827 1363 1890 memoriam
1392 1848 1480 1890 revo-

227 1925 349 2011 cant2).
403 1928 454 1990 Ad
489 1939 591 1992 nostra
626 1939 725 1991 autem
760 1940 896 2011 tempora
935 1950 972 1992 ex
1004 1929 1123 2010 scriptis
1158 1929 1248 1990 Plinii
1281 1939 1480 2009 pervenerunt

227 2049 331 2090 novem
361 2029 426 2091 libri
456 2030 665 2110 epistularum,
692 2051 765 2111 quas
788 2032 851 2111 ipse
873 2031 951 2093 iuter
972 2050 1067 2093 annos
1093 2028 1252 2093 rol-109
1275 2050 1303 2110 p.
1324 2030 1381 2093 ch.
1404 2051 1432 2092 u.
1447 2031 1477 2114 ³)

225 2128 377 2209 collegisse
399 2131 516 2192 videtur
538 2138 569 2192 et
591 2131 734 2206 edidisse;
765 2132 866 2212 hisque
889 2132 1003 2194 accedit
1024 2132 1156 2194 decimus
1182 2131 1266 2205 liber,
1299 2149 1355 2212 quo
1381 2132 1478 2194 conti-

227 2239 333 2292 nentur
358 2229 490 2310 epistclae
512 2251 549 2292 ex
577 2233 720 2313 Bithynia
748 2242 779 2294 et
805 2234 903 2294 Ponto
931 2234 966 2293 de
989 2232 1172 2294 diversarum
1195 2231 1224 2293 iu
1248 2231 1304 2293 hac
1326 2233 1478 2313 provincia

225 2349 322 2393 rerum
352 2339 434 2392 statu
457 2332 494 2392 ad
518 2333 680 2411 Trajauum
703 2334 810 2396 missae.
860 2334 926 2396 Has
948 2334 1090 2414 epistolas
1112 2342 1211 2396 utrum
1236 2332 1299 2412 ipse
1328 2333 1478 2412 collegerit

225 2441 256 2492 et
284 2431 411 2493 ediderit
433 2452 470 2493 an
495 2432 655 2495 amicorum
678 2433 798 2516 aliquis,
830 2435 975 2497 incertum
1004 2443 1058 2496 est.
1102 2436 1252 2497 Praeteren
1274 2433 1477 2514 Panegyricus

225 2533 290 2602 ille,
312 2551 416 2612 quem,
439 2543 584 2613 utsupra
607 2534 826 2611 demonstravi,
849 2536 1035 2597 consulatum
1059 2536 1184 2616 adeptus
1206 2551 1283 2595 auno
1308 2532 1367 2594 loo
1379 2554 1407 2614 p.
1420 2534 1476 2597 Ch.

226 2655 254 2694 n.
277 2631 348 2694 Kal.
372 2632 455 2713 Sept.
479 2634 608 2712 Trajano
632 2635 722 2711 dixit,
745 2637 783 2698 ad
806 2645 938 2700 nostram
962 2637 1133 2698 memoriam
1156 2642 1201 2696 est
1223 2639 1429 2695 conservatus.

307 2734 451 2813 Epistolis
474 2744 572 2797 autem
596 2735 664 2809 illis,
688 2738 724 2809 si,
746 2758 811 2819 quae
834 2757 880 2799 res
903 2737 1122 2810 contineantur,
1145 2734 1380 2806 consideramus,
1406 2754 1477 2796 saue

224 2844 294 2896 suut
318 2834 541 2907 diversissima,
574 2857 610 2898 ac
632 2838 766 2917 plurimae
788 2839 904 2921 quidem
932 2839 1010 2899 leves
1033 2846 1063 2898 et
1085 2834 1256 2916 nugatoriae.
1298 2834 1477 2916 Plerumque

224 2935 300 2996 enim
325 2936 360 2996 de
382 2937 595 3016 depravatione
621 2957 683 3000 suae
708 2940 807 3002 aetatis
834 2939 1023 3020 conqueritur
1036 2937 1080 3020 ⁴),
1108 2937 1142 2998 de
1164 2944 1289 2997 senatus
1311 2936 1350 2997 ad
1371 2955 1478 2998 assen-

224 3037 347 3099 tandum
377 3046 408 3097 et
435 3037 646 3100 blandiendum
674 3041 863 3120 proclivitate
876 3038 921 3124 ⁵),
955 3040 990 3100 de
1016 3037 1173 3119 aequelium
1196 3055 1306 3116 magua
1329 3037 1479 3099 ’'habeudi

223 3136 434 3220 cupidine”⁶),
467 3139 503 3199 de
531 3138 675 3202 simulata
700 3141 841 3220 juvenum
868 3139 1017 3220 sapientia
1044 3147 1074 3199 et
1096 3138 1250 3200 deficiente
1272 3157 1344 3219 erga
1365 3146 1478 3200 veteres

223 3238 431 3320 reverentiel)
454 3238 647 3303 lamentatur.
695 3243 753 3306 Hic
785 3260 934 3303 servornm
968 3240 1085 3301 crudele
1118 3239 1148 3301 in
1182 3238 1332 3300 dominum
1361 3239 1478 3302 facinus

224 3335 380 3423 narratss),
402 3338 463 3401 illic
484 3360 569 3402 servo
592 3342 716 3420 fugitivo
740 3343 855 3404 veniam
872 3341 1024 3402 adomino
1039 3340 1140 3403 studet
1153 3340 1365 3424 impetrares).
1394 3339 1478 3404 Alibi

223 3441 369 3521 quendam
392 3440 541 3521 increpat,
564 3443 659 3524 quod.
685 3463 750 3506 cum
774 3444 811 3504 ad
835 3461 955 3504 coenam
979 3441 1164 3521 promiserit,
1190 3461 1248 3505 uon
1271 3443 1403 3516 venerit,
1425 3442 1477 3503 sed

223 3559 357 3602 mensam
380 3540 872 3625 lautioremaliuspratulerit10),
895 3541 966 3603 alibi
982 3552 1095 3616 narrat,
1118 3563 1207 3625 quam
1223 3541 1289 3624 quis
1306 3550 1479 3606 constanter

222 3641 279 3703 sibi
301 3642 364 3722 lpse
387 3651 512 3704 mortem
536 3644 715 3708 consciverit
737 3663 883 3727 quamque
899 3643 1048 3724 patienter
1062 3643 1161 3706 inedia
1177 3642 1358 3726 perierit11).
1386 3645 1478 3705 Modo

223 3753 335 3816 narrat,
358 3761 444 3823 quam
467 3743 574 3806 insane
597 3745 731 3825 Regulus
750 3754 874 3808 mortem
886 3744 981 3807 dliise
999 3745 1099 3824 lugere
1118 3740 1368 3828 simulaverit12),
1390 3744 1477 3806 modo

222 3845 401 3907 mentionem
430 3845 505 3907 l'acit
525 3846 561 3906 de
584 3846 722 3926 delphino
746 3857 903 3911 mansueto
925 3867 991 3910 cum
1013 3848 1113 3927 pueris
1136 3843 1283 3910 nonnullis
1305 3844 1335 3906 in
1358 3844 1477 3928 Hippo·

270 4047 296 4117 ¹)
320 4049 370 4102 cfr.
396 4048 422 4111 2,
450 4049 496 4110 ll,
523 4050 569 4101 ll.
598 4050 626 4110 4,
652 4051 699 4108 16.
723 4049 750 4102 2.
780 4051 807 4110 9,
832 4050 881 4111 23,
908 4049 997 4106 1-2.

265 4131 288 4203 ²)
312 4137 362 4190 Cir.
387 4137 420 4187 de
444 4133 519 4204 paesi
542 4135 675 4189 Ciceronis
699 4135 788 4201 Quint.
813 4139 833 4192 l.
857 4138 887 4191 0.
912 4139 940 4200 9,
964 4137 992 4198 4,
1015 4137 1064 4190 41.
1092 4137 1139 4198 ll,
1166 4136 1191 4195 1.
1216 4132 1264 4186 24.

265 4216 288 4290 3)
311 4223 362 4277 cn.
385 4223 541 4281 Mommsen,
565 4221 641 4291 Disp.
669 4225 692 4276 l.

265 4304 288 4376 ⁴)
314 4310 340 4371 2,
366 4310 414 4370 ⁸20,
442 4307 486 4360 12.
521 4307 548 4367 3,
574 4307 622 4369 21,
647 4309 664 4362 3
688 4311 724 4362 al.
860 4302 884 4376 5)
909 4308 938 4371 8,
962 4309 988 4361 6.
1124 4299 1148 4372 ⁶)
1172 4309 1200 4368 9,
1224 4305 1273 4368 30,
1298 4307 1325 4360 4.

267 4389 288 4464 τ)
314 4396 340 4456 2,
368 4396 414 4455 14.
439 4397 465 4448 a.
490 4393 518 4456 e,
543 4394 592 4455 23.
616 4394 642 4447 a.
767 4387 790 4461 8)
815 4394 843 4456 3,
871 4395 916 4448 14.
1039 4384 1062 4457 ⁰)
1087 4393 1115 4450 e.
1140 4391 1187 4446 21.
1315 4381 1350 4460 ¹⁰)
1377 4395 1402 4454 1,
1430 4392 1475 4447 15.

270 4480 317 4550 ¹¹)
344 4485 369 4543 l,
397 4481 442 4534 12.
467 4481 494 4543 3,
520 4482 547 4543 7,
575 4483 598 4534 l.
636 4480 832 4536 Usitatissimus
856 4480 903 4534 illa
926 4487 1047 4548 tempore
1070 4475 1178 4532 videtur
1200 4477 1281 4531 luisse
1302 4494 1475 4547 musaeque·

221 4585 301 4685 qua'rp
319 4569 458 4638 jucundus
481 4567 571 4621 inedia
594 4567 657 4621 vitae
679 4567 810 4621 liniendae.

293 4653 303 4724 )
327 4656 355 4718 4,
381 4655 408 4717 2,
432 4653 459 4707 3.
