3226 5332
235 439 294 498 170
719 437 745 496 J.
769 437 800 497 P.
824 439 992 514 Lagergren.

230 614 333 678 eadem
356 613 587 694 significatione,
615 634 673 696 qua
694 615 864 692 etiamtum,
896 636 990 701 usque
1018 615 1059 678 ael
1085 614 1119 678 id
1139 623 1270 699 tempus,
1296 612 1414 686 dieitur,
1435 610 1484 694 qui

230 734 301 778 usus
323 735 407 778 rarus
431 724 477 777 est
498 715 577 797 apud
599 725 716 779 veteres
737 716 897 798 scriptores
911 715 950 801 ¹).
993 719 1085 780 Eram
1108 726 1230 780 aeturus
1252 711 1486 777 adulescentulus

230 815 328 878 adbuc
351 818 378 891 1,
403 816 451 891 18,
473 818 501 878 3.
544 815 665 880 Amisso
687 817 747 880 filio
769 827 896 882 matrem
916 817 1015 881 adhue
1037 837 1123 901 apere
1144 819 1174 893 3,
1199 815 1246 890 16,
1268 814 1297 878 6.
1334 813 1485 895 Oppidum

231 936 278 980 me
304 936 394 1080 ppup3
413 915 512 980 arliae
536 937 665 1000 puerum
692 928 851 1000 patronum
881 919 1034 1002 cooptavit
1063 919 1094 993 4,
1119 919 1147 993 l,
1168 919 1197 980 4.
1219 917 1250 993 9,
1274 917 1322 990 13,
1343 917 1373 977 4.
1409 916 1487 977 Pau.

233 1018 281 1082 10.
303 1019 321 1080 5
345 1063 352 1080 .
399 1019 425 1080 l.

313 1133 449 1210 Deinde,
475 1135 669 1198 antecedente
696 1155 732 1198 ee
758 1135 920 1217 particula,
954 1154 1021 1197 nero
1049 1133 1199 1198 invenitur
1211 1130 1251 1220 ²).
1295 1133 1488 1197 Mirabantur

232 1257 267 1298 ae
288 1236 394 1299 dmude
421 1237 552 1318 singulus
575 1246 673 1316 gestus
695 1237 822 1300 dumiuae
845 1257 909 1300 eum
933 1237 1059 1299 canticis
1081 1237 1248 1300 reddebant
1269 1229 1299 1310 7,
1321 1234 1373 1309 24,
1394 1228 1424 1296 7.

313 1352 430 1416 Iterum
452 1355 633 1436 iterumque,
655 1354 764 1416 iterum
786 1363 875 1438 atque
895 1352 1003 1415 iterum
1026 1361 1183 1434 poitarum
1207 1371 1286 1414 mera
1309 1351 1419 1414 dicitur
1434 1370 1489 1432 pro

231 1474 281 1524 eo,
303 1455 378 1537 quud
401 1463 448 1516 est
471 1455 548 1534 apud
572 1461 687 1515 veteres
708 1455 868 1535 scriptores
890 1455 998 1517 iterum
1020 1464 1047 1516 et
1068 1453 1231 1539 aoepiuei).
1275 1450 1397 1523 Quanto
1422 1471 1490 1513 ma-

229 1555 324 1634 jorem
346 1554 504 1618 infantium
526 1555 646 1617 turbam
666 1554 774 1617 iterum
787 1565 876 1640 atque
890 1556 998 1619 iterum
1014 1555 1135 1634 jubebis
1150 1554 1252 1617 incidi!
1275 1555 1349 1617 Pan.
1366 1552 1417 1620 28.
1445 1553 1491 1614 Te

231 1656 340 1719 iterum
361 1655 527 1740 iterumque
549 1655 698 1718 consulem
720 1655 830 1718 hebere
852 1657 1006 1737 cupiamus
1031 1656 1108 1719 Pan.
1128 1647 1177 1719 79.

313 1769 470 1857 Jum-jam
491 1791 542 1852 pre
566 1792 613 1846 eo,
646 1773 724 1854 quod
752 1783 800 1834 est
821 1773 1034 1848 mode-medo,
1062 1773 1142 1854 apud
1165 1780 1287 1854 potitae,
1319 1771 1386 1834 Liv.
1410 1778 1491 1851 pest.

230 1893 286 1937 ser.
309 1873 427 1937 dieitur.
470 1868 546 1935 Jum
567 1881 602 1935 ut
623 1873 652 1934 in
675 1873 787 1947 limine,
803 1873 872 1956 jem
897 1884 928 1937 ut
950 1874 1030 1936 intra
1053 1874 1142 1936 limen
1167 1873 1264 1936 audiri
1286 1866 1317 1947 7,
1339 1865 1390 1946 27,
1413 1870 1492 1956 8⁴).

313 1989 406 2067 Meu,
438 2002 590 2071 praeeunte
616 1990 719 2062 Livio,
751 1990 830 2072 apud
859 1991 990 2053 Plinium
1012 2001 1042 2056 et
1065 1991 1195 2073 aequales
1217 1989 1338 2071 ponitur
1359 2008 1413 2070 pro
1436 1988 1494 2051 de-

231 2093 315 2168 iude,
338 2089 435 2177 paulo
458 2100 536 2174 post,
558 2091 612 2153 tal.
626 2091 665 2174 5).
704 2092 805 2154 Metus
828 2091 909 2171 ejus,
931 2113 1002 2155 mee
1027 2093 1165 2172 gaudium
1189 2091 1314 2153 eminuit
1335 2089 1365 2164 5,
1390 2084 1440 2164 17,
1461 2089 1494 2152 5.

232 2195 360 2276 Oportet
391 2202 491 2256 tamen
521 2210 571 2254 eos
594 2193 643 2274 qui
666 2193 795 2273 puniunt
816 2201 846 2254 et
867 2192 917 2274 qui
939 2194 1075 2274 relegunt
1096 2193 1322 2255 absolventibus
1345 2191 1494 2272 primum,

231 2317 302 2358 moa·
329 2295 407 2357 inter
433 2313 466 2354 se
494 2293 658 2373 comparari
687 2292 716 2365 8,
742 2293 789 2367 14,
811 2295 861 2356 21.
895 2293 955 2356 Olr.
979 2292 1008 2368 6,
1031 2296 1080 2370 20,
1098 2296 1133 2356 2.
1155 2293 1186 2367 8,
1209 2293 1260 2366 20,
1280 2292 1309 2355 8.
1332 2289 1363 2364 9,
1385 2293 1438 2367 33,
1461 2293 1494 2355 4.

232 2393 310 2459 Meu
343 2415 408 2458 eum
438 2399 509 2456 meis
539 2394 658 2457 arnbulo
681 2392 710 2469 9,
734 2392 784 2469 36,
805 2395 835 2457 4.
860 2394 908 2469 10,
931 2392 970 2458 96
993 2388 1075 2480 (97),
1099 2395 1128 2458 4.
1171 2395 1299 2456 Paulum
1322 2393 1496 2468 redormio,

233 2498 301 2559 dein
325 2495 739 2568 ambulo,rneuurat10nem
761 2514 888 2576 graecam
912 2495 1085 2558 latinamue¹
1101 2496 1166 2578 lego
1188 2493 1218 2570 9,
1241 2493 1291 2570 36,
1313 2494 1342 2556 3.
1375 2493 1439 2556 cfr.
1462 2495 1497 2569 3,

232 2597 262 2674 9,
284 2597 312 2660 9.
335 2591 364 2673 7,
390 2594 436 2670 17,
459 2591 487 2660 7.
520 2596 595 2658 Pan.
621 2597 668 2657 ll.

316 2712 507 2776 Nune-nune
528 2715 631 2776 eadem
655 2711 870 2794 significatione
894 2714 1023 2794 ponitur,
1046 2733 1105 2795 qua
1126 2711 1339 2787 modo-mode,
1361 2721 1394 2774 ut
1410 2713 1496 2794 apud

234 2823 356 2898 poetes,
389 2815 456 2878 Liv.
478 2821 555 2896 post.
597 2811 692 2878 Nune
725 2816 762 2876 ad
795 2814 940 2890 Vestem,
972 2836 1051 2876 nune
1077 2815 1115 2877 ad
1144 2821 1261 2876 eeteros
1288 2815 1360 2876 dees
1382 2832 1497 2877 manus

233 2917 360 2980 tendens
386 2916 416 2988 4,
441 2916 489 2990 ll,
510 2909 538 2978 7.
582 2913 678 2978 Nune
705 2923 786 2976 terra
807 2937 887 2978 uuna
910 2917 983 2979 mari
1007 2935 1114 2996 eorpus
1136 2915 1254 2994 agitare
1276 2915 1306 2990 4,
1328 2916 1379 2988 23,
1405 2916 1432 2980 1.
1463 2915 1497 2992 5,

234 3018 263 3093 6,
285 3019 333 3080 40.
356 3017 385 3092 5,
409 3011 457 3090 17,
480 3020 507 3079 2.
531 3014 560 3093 6,
582 3017 612 3092 5,
635 3015 664 3078 5.
687 3010 715 3091 7,
738 3016 768 3089 4,
791 3014 820 3078 9.
844 3010 873 3092 7,
896 3016 925 3090 9,
947 3012 975 3080 7.
998 3015 1028 3091 9,
1052 3017 1102 3091 33,
1124 3019 1152 3078 2.
1174 3016 1203 3078 4.
1226 3019 1303 3080 Pan.
1318 3017 1363 3077 13.
1376 3017 1428 3078 23.
1441 3018 1497 3084 32.

235 3121 285 3183 34.
307 3119 357 3182 43.
380 3118 474 3202 481).

317 3217 398 3284 Olim
419 3219 527 3282 dicitur
549 3237 601 3299 pro
624 3237 674 3294 ee,
697 3218 774 3300 quod
797 3217 928 3301 estjam
945 3217 1085 3302 pridem,
1105 3217 1326 3303 jamdudum,
1351 3238 1496 3299 praeeun-

234 3323 331 3396 tibus,
353 3330 387 3384 ut
408 3319 533 3395 videtur,
556 3320 651 3400 petitia
674 3319 779 3403 (Verg.
792 3318 900 3398 Georg.
912 3319 943 3394 4,
955 3319 1013 3382 421
1027 3317 1067 3404 7).
1112 3317 1192 3384 Olim
1215 3319 1287 3382 mihi
1307 3321 1406 3383 nullas
1426 3321 1498 3402 epi-

233 3423 330 3486 stulas
363 3421 458 3484 mittis
492 3421 520 3496 l,
545 3421 592 3494 ll,
618 3421 643 3483 1.
688 3420 776 3491 Quod
800 3418 974 3505 (gaudium)
996 3439 1048 3498 ego
1070 3418 1142 3482 olim
1168 3439 1223 3501 pru
1247 3430 1276 3482 te
1298 3441 1355 3484 nou
1378 3431 1498 3486 temere

234 3520 554 3604 praesun102,10‚6.
586 3520 773 3596 Ο11.6,34,
798 3523 825 3582 l.
868 3518 949 3584 Olim
983 3541 1039 3584 non
1073 3521 1180 3584 librum
1216 3521 1244 3583 in
1271 3541 1396 3597 manus,
1431 3543 1496 3586 uon

233 3625 335 3687 stilum
368 3623 481 3702 sumpsi
512 3622 541 3697 8,
564 3621 593 3697 9,
618 3623 644 3684 l.
688 3620 769 3687 Olim
800 3630 835 3684 tu
867 3621 983 3703 quidem
1016 3621 1155 3703 adoptari
1181 3623 1333 3685 merebere
1358 3624 1435 3686 Pau.
1460 3624 1493 3688 6.

233 3725 369 3790 Junxisti
396 3724 586 3788 securitatem
615 3720 686 3786 olim
714 3723 891 3804 imperantis
916 3731 947 3785 et
971 3721 1143 3804 incipientia
1165 3724 1307 3804 pudorem
1334 3723 1412 3787 Pan.
1436 3726 1492 3790 24.

232 3826 334 3890 Etiam
356 3825 392 3888 ele
412 3822 525 3904 faturia
546 3823 633 3887 rebus
655 3831 825 3906 usurpatur.
857 3823 971 3886 Verum
993 3823 1058 3886 bae
1078 3822 1165 3888 olim:
1186 3823 1216 3887 in
1239 3826 1399 3906 praesentia
1418 3827 1493 3909 qui·

282 4073 300 4145 ¹)
324 4081 374 4134 Cir.
398 4097 459 4150 quee
482 4080 515 4131 de
540 4080 591 4133 hoe
614 4096 664 4132 usu
694 4079 869 4149 disputarunt
894 4080 985 4135 Hand.
1013 4083 1089 4136 Ture.
1112 4098 1133 4135 s.
1155 4097 1180 4133 v.
1201 4079 1267 4152 Peg.
1294 4081 1361 4136 160.
1408 4083 1492 4139 Mad·

232 4169 279 4241 vig
301 4169 335 4222 ad
358 4168 409 4222 Ciu.
432 4167 488 4221 Fin.
514 4165 541 4220 5.
566 4167 592 4228 6,
620 4167 665 4220 16.
709 4166 834 4237 Seyffert,
858 4169 915 4222 Pel.
939 4168 989 4222 Ciu.
1013 4170 1078 4239 Peg.
1103 4166 1158 4224 35.

277 4250 300 4318 ²)
323 4255 374 4308 Cir.
397 4254 485 4308 Haud.
508 4254 583 4307 Ture.
607 4269 678 4314 11.,
700 4255 767 4324 Peg.
793 4253 862 4308 247.
897 4256 962 4310 Sall.
985 4255 1055 4308 Hlsl.
1082 4255 1107 4317 l,
1135 4255 1159 4308 l.

278 4336 300 4405 3)
323 4341 375 4396 cn.
397 4340 486 4394 Hand.
509 4339 585 4393 Tura.
608 4357 628 4394 s.
652 4356 684 4400 r..
705 4341 772 4411 Peg.
798 4339 868 4394 530.

276 4422 299 4490 ⁴)
322 4429 373 4483 Olr.
395 4426 485 4481 Hand.
507 4427 583 4480 Tura.
606 4442 626 4479 s.
651 4442 682 4488 r,
705 4427 770 4497 Peg.
797 4425 866 4480 144.

277 4507 299 4574 ³)
322 4516 373 4569 Gir.
395 4514 484 4567 Hand.
508 4514 584 4567 Ture.
608 4531 628 4568 s.
652 4529 685 4573 v..
703 4513 773 4585 Peg.
799 4513 868 4567 667.

277 4593 300 4663 ⁶)
322 4601 374 4656 Cir.
397 4600 486 4654 Haud.
508 4599 584 4654 Ture.
606 4617 626 4653 s.
650 4617 682 4660 1.,
704 4601 770 4671 Pag.
795 4599 865 4653 342.

280 4679 300 4753 ²)
323 4687 375 4741 611.
397 4687 486 4740 Hand.
508 4686 585 4741 Ture.
607 4703 627 4740 s.
651 4703 683 4748 v,
705 4688 772 4758 Peg.
797 4685 867 4741 370.
