3264 5332
250 459 287 514 76
738 461 763 516 1.
787 461 817 515 P.
840 460 1006 532 hagergren.

248 631 417 694 tinnatione
438 638 576 693 servatur
597 631 626 706 4,
645 631 675 706 9,
700 633 745 695 11.
779 632 920 696 Actiones
942 653 1006 714 quae
1028 633 1192 698 recitantur
1213 635 1356 716 impetum
1382 654 1494 697 ornnem

249 730 434 816 caloremque
455 732 577 811 perdere
599 734 627 806 2,
652 733 699 808 19,
720 735 749 798 2.
793 734 828 798 In
850 734 951 798 subito
972 734 1093 816 pietatis
1114 733 1212 798 colora
1233 736 1309 798 Pan.
1326 737 1355 798 3.
1379 733 1495 820 (Quint.

249 835 329 896 Petr.
353 834 433 896 Stat.
455 831 596 915 Lucam).

331 930 476 996 Codieilli.
520 932 609 1014 Apud
632 942 748 998 veteres
770 935 930 1017 scriptores
952 935 1008 999 hoc
1029 937 1204 999 vocabulum
1227 935 1376 1017 significat
1398 947 1430 999 01
1450 946 1497 998 ta-

249 1035 351 1108 bulas,
384 1035 413 1096 in
441 1033 547 1114 quibus
573 1032 683 1116 aliquid
705 1037 903 1111 scribebatur,
930 1045 961 1099 et
987 1037 1082 1117 ipsum
1110 1037 1263 1119 scripturn.
1305 1037 1419 1100 Postea
1440 1039 1497 1100 vim

248 1155 332 1197 suam
365 1135 409 1198 ita
442 1135 584 1209 mutavit,
616 1145 649 1198 ut
676 1137 859 1217 significaret
884 1145 937 1199 aut
959 1138 1104 1212 codicem,
1137 1158 1193 1219 quo
1216 1146 1350 1200 extrema
1373 1139 1497 1219 alicujus

248 1237 387 1298 voluntas
420 1244 500 1298 esset
532 1235 722 1317 consignata,
755 1237 806 1300 nbi
833 1239 1009 1301 testamenti
1031 1239 1160 1320 legitime
1183 1239 1309 1302 faciendi
1332 1240 1419 1322 copia
1441 1260 1498 1302 nou

248 1345 326 1411 0101,
359 1346 411 1399 aut
443 1336 682 1400 additamentum
715 1338 861 1419 quoddam
894 1339 1018 1419 legitimi
1045 1341 1229 1403 testamenti.
1271 1339 1430 1403 Admones
1453 1361 1497 1403 me

248 1436 396 1501 codicillos
418 1437 549 1500 Aciliani
572 1457 624 1518 pro
644 1459 705 1501 nun
729 1439 847 1520 scriptia
870 1441 1038 1516 habendos,
1071 1441 1141 1522 quia
1169 1460 1226 1503 uon
1248 1439 1309 1504 siut
1331 1443 1498 1505 confirmati

248 1547 427 1601 testamento
449 1540 478 1612 2,
503 1537 551 1607 16,
576 1541 602 1600 1.
624 1541 652 1600 2.
675 1539 704 1613 6,
726 1541 777 1614 31,
798 1535 827 1603 7.
849 1539 965 1624 (Το0.).

329 1638 561 1703 Contuberoium
591 1642 669 1720 apud
698 1650 811 1717 veteres
840 1642 999 1722 scriptores
1020 1641 1208 1722 significabat
1229 1643 1399 1706 convictum
1422 1645 1497 1706 miti-

247 1750 319 1816 tum‚
341 1742 389 1822 qui
412 1740 442 1801 in
465 1741 568 1802 eodem
590 1741 719 1804 tentorio
742 1742 932 1816 habitabant,
955 1743 1000 1805 vel
1022 1745 1190 1823 ponebatur
1212 1744 1249 1806 de
1266 1745 1498 1819 conditionibus,

246 1862 311 1924 quae
338 1842 563 1904 intercedebant
595 1842 674 1903 inter
705 1844 809 1906 ducem
842 1851 873 1904 01
898 1844 1021 1906 00011100
1045 1844 1187 1924 juvenes,
1220 1845 1269 1926 qni
1295 1846 1401 1926 ducem
1424 1848 1497 1909 artis

246 1944 316 2005 belli
339 1943 487 2005 discendae
510 1962 601 2004 causa
624 1943 784 2006 voluntarii
806 1945 1018 2026 sequebantur,
1040 1945 1091 2007 sed
1114 1955 1260 2025 argentea
1280 1954 1369 2008 aetate
1393 1956 1499 2010 contu·

246 2045 379 2108 bernium
408 2044 563 2106 dicebatur
586 2045 714 2124 cujusvis
742 2064 826 2126 paene
850 2046 1004 2108 convictus
1027 2047 1175 2120 conditio,
1205 2067 1271 2128 quac
1293 2047 1499 2111 intercedebat

245 2147 323 2208 iuter
346 2145 525 2218 familiares,
558 2146 754 2226 propinqum,
789 2147 871 2208 alios.
915 2146 1024 2208 Adhuc
1047 2147 1128 2208 illum
1152 2148 1284 2228 pueritiae
1313 2148 1391 2210 ratio
1419 2150 1498 2212 intra

245 2245 470 2308 contubernium
491 2254 574 2306 tuum
598 2247 696 2308 tenuit
717 2247 746 2321 3,
769 2248 798 2321 3,
821 2249 849 2309 3.
875 2247 935 2310 011.
957 2249 986 2321 2,
1011 2241 1058 2322 17,
1081 2247 1131 2311 29.
1154 2248 1183 2323 4,
1201 2248 1248 2325 19,
1264 2247 1292 2312 6.
1315 2247 1345 2323 5,
1366 2248 1498 2335 14(15),

246 2347 273 2410 9.
296 2342 326 2422 7,
349 2348 399 2420 24,
421 2347 449 2407 3.
483 2345 571 2430 (Το0.
595 2344 707 2430 Suet).

328 2443 441 2510 Gustus
464 2456 568 2509 contra
591 2447 830 2510 consuetudinem
854 2448 1006 2512 meliorum
1027 2448 1205 2530 scriptorum
1227 2450 1347 2530 ponitur
1369 2452 1430 2513 1010
1445 2472 1498 2534 pro

245 2549 415 2632 specimine.
459 2547 508 2609 Ad
536 2547 614 2610 hunc
633 2558 755 2632 pastum
776 2558 872 2614 totum
896 2550 1001 2613 librum
1025 2545 1375 2630 100101011104,27,5.
1410 2552 1497 2639 (Seu.

244 2647 440 2730 Ρο11.001.).

330 2747 457 2812 Harena
485 2749 638 2812 dicebatur
664 2751 745 2812 lucus
773 2751 996 2833 amphitheatri,
1022 2751 1072 2813 ubi
1100 2749 1281 2830 gladiatores
1304 2754 1497 2833 pugnabant,

245 2850 350 2912 deinde
378 2871 432 2932 per
454 2849 681 2913 translationem
704 2853 905 2934 usurpabatur
928 2853 964 2913 de
987 2852 1091 2933 quovis
1113 2871 1198 2933 paene
1221 2871 1329 2932 campo
1352 2854 1501 2918 exercita-

245 2951 351 3026 tionis,
384 2951 468 3014 velut
499 2953 534 3013 de
564 2951 676 3031 judicio
699 2954 915 3016 centumvirali.
959 2954 995 3015 In
1018 2952 1132 3016 11010110
1154 2972 1234 3026 mea,
1267 2953 1324 3016 hoc
1351 2963 1399 3016 est
1421 2958 1501 3037 apud

246 3053 443 3116 centumviros
467 3051 495 3128 6,
519 3053 566 3126 12,
588 3054 616 3115 2.
646 3052 741 3138 (11101.
764 3046 911 3144 Lucani}

327 3151 486 3216 Jodicium
514 3154 550 3215 de
573 3163 708 3217 extrema
729 3155 858 3217 hominis
882 3155 1037 3217 voluntate
1061 3155 1119 3216 fere
1141 3173 1195 3234 pro
1217 3161 1402 3218 testamento
1425 3156 1502 3220 dici-

246 3265 304 3329 tur,
326 3257 364 3317 ad
387 3275 475 3336 quam
499 3255 743 3334 significationem
767 3257 867 3318 nescio
890 3275 928 3318 an
950 3256 1013 3336 ipse
1034 3255 1138 3318 010010
1161 3255 1320 3318 transitum
1337 3259 1500 3338 paraverit.

245 3355 322 3439 (011.
339 3347 429 3418 Fam.
453 3357 501 3429 13,
513 3356 562 3419 46.
586 3358 671 3420 Dom.
686 3355 733 3431 19,
745 3353 811 3440 49).
855 3355 946 3438 (Cum
970 3353 1038 3438 000)
1061 3375 1200 3436 suprema
1222 3356 1373 3420 hominum
1387 3356 1502 3438 10111010

245 3457 452 3538 constringant
474 3452 502 3532 7,
524 3459 572 3532 20,
595 3453 623 3520 7.
646 3453 676 3532 7,
698 3458 747 3532 31,
771 3457 799 3519 5.
828 3457 888 3519 011.
910 3453 1040 3518 Jodieio
1061 3457 1220 3519 amicorum
1243 3467 1429 3538 promeretur
1452 3461 1500 3536 10,

244 3558 285 3621 94
307 3557 389 3644 (95),
411 3561 440 3620 2.
474 3556 593 3640 (Quint.
616 3559 685 3621 Vel.
708 3559 792 3620 Max.
816 3557 886 3620 Seu.
909 3556 1124 3640 Sustinet).

327 3659 427 3722 Latus
454 3679 508 3740 pro
535 3681 643 3744 peoora
665 3659 758 3724 latine
781 3657 839 3720 dici
862 3665 988 3738 negatur
1013 3657 1090 3740 (011.
1114 3659 1224 3720 Krebs.
1245 3657 1362 3736 Antib,
1385 3661 1431 3722 ed.
1451 3663 1499 3724 IV

244 3782 316 3825 av.
339 3757 450 3845 lotos),
478 3761 531 3823 sed
554 3770 655 3823 exstat
682 3759 761 3840 apud
784 3757 922 3821 Plinium.
966 3758 1083 3830 Quibus
1105 3756 1236 3846 (liberis)
1259 3760 1361 3822 videor
1386 3783 1404 3826 a
1433 3782 1497 3826 meo

244 3872 353 3945 tuoque
382 3862 473 3925 latere
495 3880 618 3943 pronum
641 3861 679 3922 ad
703 3860 829 3923 honores
850 3860 909 3924 iter
929 3859 1085 3924 relicturus
1107 3859 1137 3933 8,
1161 3862 1208 3936 10,
1231 3862 1258 3923 3.
1288 3860 1391 3947 (Prael.
1416 3863 1496 3928 Stat.

244 3964 319 4027 Silv.
342 3965 371 4026 5.
394 3961 487 4048 Dig.).

325 4062 461 4127 Libellos
489 4062 566 4142 apud
594 4061 673 4122 Plin.
700 4060 777 4142 (011.
803 4063 829 4136 1,
854 4063 902 4137 10,
925 4060 954 4123 9.
982 4059 1011 4136 5,
1036 4062 1074 4123 13
1096 4058 1177 4146 (14),
1200 4060 1229 4124 6.
1256 4062 1286 4137 9,
1315 4061 1363 4137 15,
1392 4065 1418 4126 l.
1448 4065 1495 4139 10,

241 4166 279 4228 81
303 4164 385 4250 (85),
406 4164 456 4248 5),
478 4163 554 4224 01001
577 4163 655 4242 apud
679 4172 797 4225 veteres
818 4163 976 4244 scriptores
997 4161 1087 4225 variis
1110 4162 1205 4224 nrodis
1228 4172 1399 4244 usurpatur,
1423 4186 1496 4228 nus·

242 4287 329 4348 quarn
358 4274 458 4328 tamen
493 4264 572 4343 apud
605 4271 719 4326 veteres
748 4265 896 4344 significat
922 4265 1014 4336 idem,
1047 4264 1123 4344 quod
1152 4264 1265 4326 delatio
1293 4285 1318 4326 s.
1342 4266 1494 4329 accusatio

243 4368 351 4429 litteris
374 4365 560 4445 consignata,
583 4373 617 4425 ut
632 4384 709 4444 saepe
729 4365 807 4445 apud
830 4384 895 4439 eos,
918 4365 967 4446 qui
989 4373 1058 4444 post
1079 4363 1211 4444 Augusti
1228 4373 1348 4428 aetatem
1366 4366 1492 4430 luerunt.

242 4469 278 4530 In
310 4467 419 4530 scrinio
448 4467 511 4548 ejus
545 4463 744 4550 (Domitiani)
768 4465 856 4528 datus
883 4486 901 4527 a
923 4466 1001 4529 0010
1023 4466 1059 4526 de
1081 4483 1127 4526 me
1148 4461 1263 4527 libellus
1284 4466 1426 4529 inventus
1449 4474 1494 4530 est

242 4561 271 4642 7,
294 4562 343 4643 27,
368 4567 415 4630 14.
443 4566 536 4651 (Vell.
558 4564 667 4649 Fica).

324 4666 469 4732 Materia.
497 4668 563 4729 Hoc
586 4666 762 4730 vocabulum
785 4667 863 4747 apud
886 4674 1002 4730 veteres
1024 4663 1198 4745 scriptores,
1220 4661 1246 4728 si
1269 4666 1338 4733 licet
1358 4671 1491 4735 auctori-
