3264 5332
247 486 265 540 2
740 489 767 544 J.
789 489 820 544 P.
844 488 1011 560 Lagergren.

246 657 317 720 liam
337 659 399 739 jam
424 659 552 722 Caesaris
575 670 667 724 aetate
697 663 775 724 Novi
803 661 886 724 Comi
909 680 1020 742 magna
1041 659 1221 723 auctoritate
1242 659 1377 722 floruisse
1391 656 1436 740 ι),
1459 679 1497 722 ac

245 759 374 822 Pliniam
397 780 513 842 quoque
535 769 652 842 gentem
675 763 753 825 Novi
776 763 861 825 Comi
882 763 967 824 sedes
989 781 1058 824 suas
1080 761 1220 824 habuisse
1244 779 1338 822 exeo
1360 771 1497 840 apparet,

245 861 321 940 quod
353 860 470 923 Plinius
503 870 622 937 narrat,
653 883 685 925 se
717 869 797 926 clrca
824 863 945 926 Larium
976 863 1070 924 lacum
1099 861 1250 943 possidere
1282 861 1395 943 praedia
1429 881 1497 922 ma-

243 959 385 1043 ternal),
412 964 604 1043 quamobrem
626 983 745 1043 prorsus
769 983 826 1026 uon
850 963 967 1027 videtur
987 983 1073 1044 posse
1095 964 1124 1024 in
1148 963 1269 1025 dubium
1292 962 1400 1036 vocari,
1423 963 1493 1043 quin

243 1059 359 1122 Plinius
381 1063 461 1124 Novi
483 1062 568 1124 (lomi
592 1073 679 1126 natus
702 1065 756 1138 sit,
783 1083 963 1146 quamquam
987 1083 1045 1125 non
1068 1065 1241 1134 defuerunt,
1267 1061 1404 1144 quicum
1428 1062 1494 1124 Ve-

243 1179 398 1222 ronensem
420 1163 634 1226 existimarent.
677 1163 711 1226 Si
733 1165 797 1246 quis
819 1174 918 1228 autem
940 1165 1125 1246 quaesiverit,
1148 1165 1224 1226 unde
1246 1164 1362 1225 Plinius
1386 1182 1492 1224 nomen

242 1259 401 1338 invenerit,
434 1282 500 1326 oum
534 1263 613 1343 patri
639 1284 745 1327 nomen
775 1275 854 1328 esset
881 1265 1016 1338 Caecilio,
1048 1263 1307 1349 Mommseniusi)
1334 1264 1492 1326 admodum

242 1361 439 1442 probabiliter¹
464 1365 611 1440 ostendit,
643 1385 709 1428 eum
733 1385 839 1428 nomeu
874 1365 1024 1446 accepisse
1057 1384 1077 1426 a
1108 1364 1207 1426 Plinio
1240 1364 1385 1428 avunculo
1413 1374 1493 1434 tum.

242 1481 309 1523 cum
331 1463 371 1525 ab
394 1483 427 1525 eo
451 1464 645 1546 adoptaretur
666 1465 710 1551 (p.
734 1466 788 1529 Ob.
812 1487 838 1529 n.
862 1460 928 1551 79).

323 1564 381 1627 Hic
403 1573 503 1627 autem
525 1565 641 1629 Plinius
663 1565 742 1629 baud
765 1568 866 1646 parvis
894 1575 1011 1629 naturae
1037 1568 1220 1648 fortunaeque
1246 1565 1417 1628 muneribus
1442 1583 1493 1627 or-

241 1671 330 1725 natus
358 1665 421 1744 jam
454 1666 550 1746 prima
580 1667 708 1750 pueritia
737 1687 845 1748 magna
872 1667 1047 1732 calamitate
1073 1687 1108 1729 ac
1136 1667 1236 1730 dolore
1269 1667 1397 1729 afflictus
1429 1675 1489 1738 est,

240 1766 318 1846 quod
340 1775 425 1845 pater
447 1768 474 1828 ei
497 1776 544 1828 est
566 1777 746 1847 praematura
768 1777 863 1830 morte
884 1776 1065 1850 praereptus,
1092 1775 1164 1850 post
1185 1767 1265 1850 quod
1287 1777 1404 1848 tempus
1425 1766 1490 1827 Pli-

240 1865 306 1927 nius
327 1866 358 1929 in
380 1867 505 1930 tutelam
529 1870 665 1948 pervenit
689 1869 823 1949 Verginii
850 1869 919 1932 Rufi
933 1866 977 1955 ⁴),
1011 1869 1115 1950 optimi
1144 1869 1199 1931 viri
1222 1878 1253 1931 et
1274 1867 1491 1938 honestissimi,

239 1967 322 2046 cujus
350 1987 419 2049 erga
450 1989 481 2030 se
513 1969 658 2031 beneficia
689 1969 803 2032 Plinius
831 1981 916 2051 grato
949 1971 1056 2051 pioque
1085 1969 1183 2032 animo
1209 1969 1392 2051 predicavit.
1441 1967 1490 2030 Ao

237 2088 310 2130 sane
342 2069 447 2149 dignus
470 2068 561 2131 fuisse
582 2070 681 2133 Rufus
704 2070 830 2146 videtur,
863 2072 947 2152 cujus
975 2072 1145 2134 memoriam
1168 2091 1276 2152 magna
1297 2068 1491 2133 observantia

238 2188 275 2231 ac
305 2189 397 2251 prope
430 2170 569 2249 religione
601 2171 716 2234 Plinius
739 2192 791 2252 per
811 2181 908 2234 totam
930 2172 1024 2234 vitam
1048 2173 1171 2246 coleret,
1199 2191 1266 2234 oum
1288 2172 1351 2252 ipse
1372 2168 1489 2231 Plinius

238 2269 365 2350 ingenue
398 2272 536 2343 fateatur,
569 2271 651 2334 illum
681 2272 738 2333 sibi
761 2273 915 2353 ”parentis
938 2273 1086 2335 adlectum
1111 2273 1300 2334 exlribuisse”
1313 2267 1354 2356 ⁵).
1399 2267 1489 2339 Quod

237 2371 262 2432 si
286 2370 464 2432 desiderium
487 2370 674 2454 doloremque
701 2373 797 2454 patris
819 2375 919 2436 amissi
943 2373 1069 2456 quodam
1093 2374 1179 2434 modo
1200 2373 1348 2434 consolari
1368 2380 1489 2453 poterat

236 2470 446 2533 benevolentia
474 2479 505 2532 et
531 2474 660 2535 caritate
682 2473 816 2555 Verginii
838 2475 908 2537 Rufi
933 2473 1041 2537 tutoris
1063 2472 1124 2547 sui,
1147 2492 1204 2533 non
1228 2473 1334 2533 minori
1356 2473 1382 2533 ei
1405 2471 1488 2533 utili-

237 2572 295 2633 tati
328 2579 359 2632 et
390 2572 529 2652 prasidio
551 2574 607 2635 fuit
628 2574 742 2637 Plinius
765 2576 859 2655 major
881 2574 1060 2647 avunculus,
1092 2593 1178 2654 quem
1205 2572 1253 2636 bic
1278 2579 1400 2652 propter
1422 2572 1489 2633 exi-

237 2671 312 2734 mias
341 2672 467 2735 virtutes
495 2673 627 2754 religiose
656 2678 847 2738 reverebatur
880 2697 915 2738 ac
947 2694 1031 2757 paene
1054 2693 1106 2754 pro
1128 2681 1252 2754 parente
1275 2673 1370 2734 altero
1392 2670 1489 2732 habe-

237 2770 342 2856 bate).
386 2773 440 2836 Ille
472 2774 549 2837 enim
582 2795 649 2838 cum
676 2776 795 2839 assiduo
824 2777 989 2839 litterarum
1018 2775 1118 2837 studio
1140 2783 1203 2836 tum
1226 2792 1339 2834 morum
1361 2771 1488 2852 iutegri-

155 2917 157 2924 .
238 2880 302 2934 tate
324 2872 446 2936 idoneus
468 2883 549 2949 erat,
571 2895 657 2957 quem
679 2877 781 2939 ducem
804 2890 976 2959 sequeretur
998 2885 1030 2938 et
1051 2875 1217 2955 exemplum
1240 2873 1297 2935 sibi
1312 2874 1350 2934 ad
1365 2871 1488 2936 imitan-

240 2973 309 3034 dum
332 2986 510 3055 proponeret
531 2977 646 3039 Plinius
674 2978 863 3054 adolescens,
892 2979 940 3058 qui
965 2985 1108 3058 praeterea
1134 2995 1171 3036 ex
1194 2973 1348 3054 multiplici
1378 2982 1409 3035 et
1436 2993 1487 3036 co-

238 3072 322 3153 piosa
353 3076 490 3138 doctrina
522 3077 661 3140 avunculi
693 3097 830 3158 magnam
859 3079 1018 3141 utilitatem
1048 3076 1137 3156 cepit.
1183 3073 1231 3137 Ac
1254 3075 1352 3136 nescio
1375 3094 1411 3136 an
1435 3075 1486 3138 illo

237 3174 385 3256 praecipue
419 3177 604 3240 moderatore
639 3179 724 3259 hujus
752 3188 836 3241 tener
865 3178 1017 3260 mollisque
1040 3177 1157 3238 animus
1180 3175 1309 3237 imbutus
1330 3175 1372 3237 sit
1393 3176 1487 3238 hone-

237 3284 316 3338 state
337 3275 390 3338 illa
411 3285 442 3340 et
461 3277 659 3354 liberalitate,
682 3298 747 3361 quae
768 3299 852 3360 paene
873 3298 990 3360 semper
1011 3279 1041 3340 in
1065 3276 1129 3339 vita
1143 3276 1207 3356 ejus
1222 3276 1366 3339 elucebat.
1399 3275 1486 3339 Alios

237 3375 360 3450 multos,
383 3396 504 3457 quorum
527 3399 564 3440 ex
585 3400 641 3442 usu
658 3389 688 3442 et
704 3379 907 3442 familiaritate
923 3379 1088 3441 uberrimos
1104 3379 1217 3440 fructus
1234 3377 1345 3458 ceperit
1360 3377 1486 3450 Plinius,

236 3475 284 3538 hic
307 3476 425 3556 longum
447 3489 494 3542 est
516 3499 697 3542 enumerare.
734 3481 768 3542 In
791 3480 837 3541 his
859 3490 958 3542 autern
982 3489 1066 3541 erant
1088 3478 1233 3541 Corellius
1254 3478 1352 3541 Rufus
1373 3475 1486 3560 (l,12)

236 3585 268 3638 et
288 3575 439 3641 Arulenus
460 3579 603 3643 Rusticus
627 3575 673 3669 (l,
689 3578 751 3664 14).
791 3579 899 3642 Gratia
920 3580 1010 3661 igitur
1031 3599 1158 3662 curaque
1180 3588 1333 3642 tantorum
1356 3577 1484 3638 virorum

235 3676 356 3758 adjutus
384 3678 516 3755 Plinius,
545 3700 611 3744 cum
639 3701 694 3743 uec
722 3680 874 3745 celeritate
896 3683 1024 3762 quadam
1047 3681 1156 3762 ingenii
1178 3687 1293 3744 careret
1314 3689 1344 3740 et
1366 3676 1486 3758 optimis

236 3779 466 3860 praeceptoribus
489 3782 661 3845 domesticis
684 3791 824 3856 uteretur,
844 3792 907 3845 tam
930 3783 1037 3845 celeres
1060 3783 1089 3844 in
1113 3781 1221 3845 litteris
1244 3798 1416 3862 progressus
1439 3779 1486 3839 f-

236 3880 289 3954 cit,
321 3889 355 3942 ut
387 3900 444 3941 non
476 3882 604 3962 amplius
641 3884 874 3963 quattuordecim
904 3905 999 3946 annos
1029 3893 1118 3946 natus
1141 3883 1280 3945 Graeoam
1302 3881 1484 3961 tragoediam

235 3990 433 4060 componeret.
478 3979 576 4051 Quam
610 3984 793 4064 tragoediam
826 3985 944 4047 etiamsi
977 4005 1035 4047 non
1064 3983 1216 4062 scripserit
1243 3981 1300 4042 nisi
1328 3981 1372 4042 sni
1399 4000 1486 4044 exer-

235 4081 320 4143 cendi
342 4101 449 4157 causa,
471 4091 573 4145 tamen
596 4104 642 4146 res
665 4094 712 4146 est
733 4085 919 4160 documento,
938 4087 1001 4165 jam
1024 4093 1139 4147 mature
1162 4081 1293 4143 animum
1317 4082 1406 4144 Plinii
1429 4082 1485 4144 ad-

236 4182 353 4242 modum
376 4183 524 4246 excultum
549 4186 649 4248 luisse.

279 4427 301 4551 :l
324 4436 422 4490 Catuli.
446 4433 495 4490 35.
584 4433 606 4504 ²)
632 4441 659 4504 7,
685 4442 732 4506 ll,
756 4442 782 4495 5.
871 4435 893 4506 ³)
917 4433 934 4494 l.
951 4441 967 4493 l.
991 4455 1056 4508 pag.
1080 4435 1119 4488 60
1143 4449 1217 4501 sequ.
1306 4427 1328 4495 4)
1354 4395 1380 4496 2,
1407 4425 1432 4493 l,
1456 4431 1483 4486 8.

279 4521 302 4672 ⁶l
325 4521 471 4672 girligll,
496 4608 522 4663 5.
551 4610 723 4668 ''Avunculus
747 4631 821 4667 meus
845 4613 970 4680 idemque
994 4624 1042 4677 per
1064 4604 1237 4675 adoptionem
1260 4603 1361 4672 pater.''
1404 4603 1484 4657 Hunc

235 4694 306 4749 enim
327 4695 444 4751 Plinium
466 4697 502 4751 ab
524 4700 658 4754 avunculo
680 4703 840 4770 adoptatum
866 4715 939 4759 esse,
961 4711 1045 4764 supra
1067 4691 1196 4747 indicavi.
