3226 5332
392 441 432 495 De
454 441 515 494 vita
538 443 567 495 et
588 439 745 495 elocutione
766 439 795 494 0.
819 439 904 495 Plinii
925 439 1027 496 Gaecilii
1047 438 1173 494 Secundi.
1353 439 1408 494 111

175 665 177 670 ,
252 609 387 673 Vetusius
415 631 467 690 pro
494 631 577 682 acne,
598 612 713 694 prandi
733 622 815 676 natu.
860 612 916 675 001
939 633 1048 692 parens
1071 634 1128 676 non
1152 619 1231 684 erat,
1265 609 1412 672 maximus

161 713 286 792 quisque
308 722 338 773 et
360 711 574 774 vetustissimus
596 731 648 792 pro
671 723 792 792 parente
814 712 844 786 8,
870 714 917 786 l4,
939 714 968 774 6.
1005 714 1066 776 Cir.
1090 713 1233 794 Quisquis
1254 711 1341 792 paulo
1363 731 1413 772 uc-

161 813 269 874 tustior
291 813 374 874 miles
396 813 471 873 Pan.
498 812 544 873 14.
573 811 650 897 (Cir.
674 814 742 874 Liv.
764 815 815 887 23,
837 817 888 888 22,
913 815 959 874 10.
984 815 1083 895 Το0.).

246 910 346 975 ”Viva
368 911 452 974 000.”
496 914 552 974 Η10
575 915 673 975 verbis
695 914 810 975 Plinius
833 915 924 976 latine
947 916 1076 976 reddidit
1097 911 1203 986 ζῶσαν
1225 909 1336 996 φωνήν
1358 912 1414 972 01-

161 1015 233 1077 ditis
257 1015 369 1086 verbis,
397 1023 429 1074 ut
450 1011 536 1096 culpo
558 1013 678 1087 dicitur,
700 1015 805 1095 quibus
828 1015 988 1087 indicatur,
1012 1017 1190 1078 locutionem
1214 1015 1245 1076 in
1268 1011 1414 1094 proverbii

160 1115 406 1176 consuetudinem
429 1115 554 1176 0001000.
597 1115 694 1176 Multo
718 1116 819 1195 magis,
843 1124 876 1177 ut
897 1117 984 1195 vulgo
1007 1116 1124 1190 dicitur,
1147 1116 1214 1177 vicu
1235 1136 1293 1178 coc
1314 1112 1416 1175 adficit

160 1217 192 1289 2,
214 1216 243 1288 3,
266 1213 295 1276 9.
332 1212 453 1299 (Quint.
476 1215 546 1278 San.
577 1215 640 1277 cn.
663 1215 725 1278 010.
748 1216 822 1296 Agr.
846 1218 879 1289 2,
901 1219 931 1291 2,
952 1215 982 1278 4.
1026 1217 1115 1280 ”Νο0
1144 1217 1287 1279 tabellam
1318 1213 1415 1275 viudi-

161 1335 225 1378 cem
248 1316 351 1377 tacitae
374 1315 535 1387 libertatis,
557 1318 610 1378 sed
633 1316 754 1378 ''vocem
778 1318 897 1378 vivam”
920 1337 980 1398 prae
1002 1319 1087 1380 vobis
1103 1319 1231 1381 indicem
1248 1324 1414 1377 vestrarum

161 1435 231 1494 erga
254 1436 299 1477 me
322 1417 509 1478 voluntatum
532 1437 568 1478 ac
589 1416 754 1478 studiorum
778 1416 935 1500 tulistis”).

253 1514 379 1578 Vinicius
407 1537 460 1597 pro
488 1517 615 1600 vigente,
648 1527 759 1599 cepeto,
792 1517 897 1580 alacri.
941 1519 1026 1598 Agite
1052 1528 1082 1578 et
1103 1517 1236 1579 uiuidum
1257 1537 1364 1597 corpus
1387 1519 1415 1590 3,

164 1618 262 1690 1,10.
312 1615 434 1680 Vicidos
467 1619 582 1680 animoa
616 1637 672 1680 000
707 1621 865 1682 contundis
898 1639 934 1681 ac
966 1619 1107 1699 deprimis
1129 1619 1204 1680 Pan.
1227 1619 1276 1680 44.
1310 1616 1414 1702 (Lucr.

162 1719 254 1798 Verg.
277 1717 332 1781 Ov.
356 1718 462 1802 post).
1020 1695 1026 1720 ¹

252 1816 371 1880 Vitrcus
393 1825 445 1899 pro
468 1817 608 1903 limpide,
624 1817 792 1903 perlucido.
836 1822 918 1882 Fons
940 1821 1066 1900 patescit
1088 1839 1178 1900 purus
1201 1817 1414 1890 0101100008,

160 1918 198 1992 8,
219 1922 248 1982 2.
278 1920 385 2003 (Verg.
409 1919 465 1981 Ov.
489 1920 562 1983 Hor.
585 1922 676 1982 Varr.
698 1941 746 2001 ap.
768 1921 848 1982 Non.
871 1921 948 1995 448,
970 1921 1020 1984 28.
1049 1919 1125 1995 536,
1147 1921 1187 1981 32
1210 1918 1270 2005 (ed.
1284 1919 1413 1982 Gerlach

161 2029 194 2082 et
214 2017 323 2104 Roth).

1433 2124 1565 2256 3,,1(
1577 2199 1583 2216 .

246 2221 418 2302 Saepissime
440 2221 602 2302 Adjeetiva
623 2242 675 2302 pro
699 2224 899 2285 substantivis
921 2233 1082 2303 ponuntur,
1111 2224 1193 2303 cujus
1221 2221 1414 2286 cousuetudi-

162 2322 210 2384 nis
232 2322 463 2385 innumerabilia
485 2324 622 2403 exempla
643 2323 672 2385 in
696 2344 872 2405 unaquaque
895 2345 987 2404 prope
1009 2327 1118 2405 pagiua
1140 2333 1219 2388 suut.
1247 2325 1296 2388 Ex
1313 2323 1414 2401 adjec-

160 2424 232 2486 tivis
265 2433 377 2499 autem,
410 2443 475 2506 quae
507 2425 690 2485 substantivi
720 2435 858 2487 naturam
882 2427 1059 2501 induerunt,
1093 2428 1155 2489 haec
1182 2427 1242 2488 fere
1263 2424 1415 2487 afferenda

159 2525 280 2605 putavi,
303 2526 408 2606 quibus
430 2523 545 2587 Plinius
569 2525 680 2605 primus
703 2547 773 2588 usus
797 2536 858 2588 est:

243 2637 431 2704 Communia.
475 2639 573 2711 Quem
598 2643 637 2704 ad
665 2645 784 2705 modum
813 2664 893 2724 saepe
922 2642 1115 2706 ''commune''
1140 2643 1169 2704 in
1193 2643 1333 2722 singulari
1358 2663 1414 2703 nu-

160 2762 240 2803 mero
256 2742 358 2804 addito
374 2742 491 2803 nomine
507 2745 607 2824 populi
623 2744 669 2804 vel
684 2755 771 2806 terrae
786 2746 941 2824 cujusdam
957 2743 1066 2828 (velut:
1086 2744 1267 2806 ”Commune
1282 2744 1413 2805 Siciliae’'

160 2842 332 2904 01011000.
355 2845 384 2915 2,
406 2841 457 2915 46,
482 2844 550 2916 114,
573 2843 627 2928 01.)
661 2864 714 2926 pro
738 2845 949 2926 ”0ορ01)1100”
972 2847 1101 2926 ponitur,
1134 2845 1177 2907 sio
1198 2845 1313 2907 Plinius
1335 2864 1414 2906 ccm-

159 2942 266 3004 munia
287 2943 316 3004 in
345 2944 452 3023 plurali
475 2963 596 3006 numero
620 2946 769 3020 absolute,
793 2957 825 3007 ut
848 2947 948 3019 aiunt,
980 2948 1083 3007 eadem
1113 2947 1171 3006 iere
1198 2946 1414 3023 significatione

159 3044 275 3124 posuit,
304 3045 381 3124 quod
408 3064 478 3106 num
507 3046 572 3126 quis
604 3055 712 3126 praeter
744 3067 810 3108 eum
834 3047 951 3118 fecerit,
981 3047 1096 3108 dubito.
1143 3045 1256 3107 Amore
1282 3066 1414 3108 comnm-

158 3143 245 3206 nium
267 3145 343 3206 soles
366 3146 518 3206 eruendari
541 3166 647 3226 cupere
669 3167 734 3228 quae
753 3149 819 3226 jam
841 3149 987 3226 corrigere
1009 3147 1127 3208 difficile
1148 3157 1194 3206 est
1216 3144 1244 3218 6,
1268 3148 1297 3217 2,
1319 3144 1347 3207 9.

241 3242 349 3328 Ejectu
370 3266 423 3326 pro
441 3246 626 3330 projecturis
648 3249 813 3329 usurpavit.
858 3250 925 3309 Duo
954 3248 1130 3328 baptisteria
1154 3246 1236 3307 velut
1258 3246 1414 3330 01001001-

161 3357 291 3408 nuautur
313 3349 342 3418 2,
367 3341 414 3421 17,
440 3348 486 3409 ll.
510 3347 635 3432 (Klotzr
659 3347 917 3432 ”Vorsprtinge”).

242 3445 477 3510 Schismaticum
509 3449 586 3509 dixit
617 3450 782 3530 sepulerum
817 3449 937 3527 virginis
970 3447 1092 3510 vestalis
1121 3447 1229 3509 incesti
1252 3448 1414 3508 damnatae.

158 3546 234 3610 (lum
256 3548 287 3609 iu
310 3547 380 3610 illud
403 3547 630 3612 subterraneum
651 3551 858 3613 demitteretur
879 3550 910 3624 4,
935 3550 982 3622 ll,
1004 3547 1033 3610 9.
1077 3547 1222 3609 Nonnulli
1243 3548 1309 3610 sina
1324 3567 1414 3609 causa

159 3647 342 3712 addiderunt
363 3649 540 3712 cubiculum.

243 3817 318 3878 Haee
340 3818 367 3878 ei
390 3836 456 3879 cum
478 3818 640 3899 aequalibus
663 3821 832 3881 communia
854 3828 940 3882 sunt:

242 3933 398 3997 Annuum.
442 3934 556 3996 Annua
578 3935 754 3997 dicebantur
777 3939 918 4000 alimenta
939 3937 1066 4017 publicis
1082 3933 1176 3997 servis
1192 3936 1265 3997 (1010
1280 3934 1413 4015 aliisque,

160 4034 210 4114 qui
232 4036 435 4098 consimilibus
457 4037 527 4097 vitae
551 4036 770 4099 conditionibus
801 4038 971 4100 utebantur.
1014 4039 1059 4100 Ut
1080 4035 1189 4117 publici
1210 4036 1288 4097 servi
1309 4056 1414 4096 annuo

159 4135 312 4216 accipiunt
335 4138 384 4210 10,
406 4137 443 4197 31
469 4134 552 4219 (40),
574 4138 602 4196 2.
625 4134 726 4219 (Suet.
749 4138 843 4222 big).

241 4233 379 4300 Natcica.
424 4238 489 4299 Hoc
522 4237 696 4299 vocabulum
731 4239 760 4299 in
795 4239 900 4319 plurali
936 4259 1056 4300 numero
1089 4237 1208 4318 ponitur
1235 4237 1272 4297 de
1292 4255 1413 4319 pcncrc,

160 4337 277 4420 oripiuc
310 4339 445 4418 alicujus.
489 4337 600 4399 Mulier
632 4335 782 4400 natalibus
814 4340 895 4402 clara
926 4340 956 4413 8,
981 4339 1029 4414 18,
1051 4339 1079 4401 8.
1120 4336 1182 4398 cfr.
1206 4338 1234 4411 3,
1258 4338 1309 4410 20,
1331 4336 1361 4399 6.
1384 4336 1413 4410 6,

161 4437 211 4508 23,
232 4438 260 4499 3.
285 4439 333 4512 10,
354 4438 375 4500 4
395 4437 456 4522 (3),
479 4437 508 4500 5.
533 4439 582 4512 10,
607 4439 644 4500 12
666 4432 728 4522 (7),
752 4442 778 4501 l.
809 4439 903 4524 (San.
919 4441 997 4502 Plin.
1020 4440 1089 4518 maj.
1113 4439 1184 4499 Tac.
1208 4438 1291 4500 Suet.
1314 4435 1413 4523 Jnu).

160 4536 311 4600 Praeterea
344 4540 602 4603 commemoranda
628 4549 675 4602 est
703 4540 812 4603 locutio
845 4522 897 4602 illa
924 4537 1075 4601 natalibus
1100 4538 1162 4600 suis
1190 4539 1322 4613 restitui,
1356 4560 1415 4621 qua

161 4637 325 4702 utebantur
345 4641 382 4703 de
405 4641 568 4716 libertinis,
591 4641 641 4726 qui
663 4642 803 4704 beneficio
824 4643 967 4724 principis
988 4640 1017 4700 in
1042 4659 1194 4702 numerum
1218 4641 1414 4721 ingenuorum
