3264 5332
332 446 372 500 Dc
395 447 455 500 vita
476 448 505 500 ct
527 443 681 498 elocutione
703 441 732 497 0.
756 442 840 496 Plinii
862 441 963 496 06661111
984 438 1110 494 Secundi.
1301 439 1340 493 73

178 618 253 680 Haec
274 617 301 679 61
323 637 390 679 eum
414 616 577 698 aequalibus
600 615 766 679 communia
788 624 869 678 sunt:

178 714 305 781 Glebulu
337 738 396 779 666
425 719 518 779 solum
546 719 663 799 proprie
692 717 800 779 dicitur
822 736 874 797 pro
898 717 985 797 gleba
1008 735 1101 796 parva
1122 722 1156 776 ut
1177 715 1255 794 apud
1277 711 1341 774 061.

97 829 125 881 61
147 820 217 881 Val.
240 822 341 894 111616,
364 821 415 880 sed
439 820 530 881 etiam
553 821 589 880 de
611 821 777 898 fragmento
800 818 922 880 metalli.
971 813 1128 879 Glebulam
1150 815 1234 888 misi,
1256 833 1343 894 quarn

95 941 126 982 se
159 939 197 982 ex
228 921 370 982 Parthico
404 921 524 982 metallo
556 921 694 983 attulisse
721 919 841 981 dicebat
864 919 913 993 10,
935 915 974 981 74
997 915 1080 1002 (16),
1103 919 1132 978 3.
1175 915 1270 997 (Vitr.
1296 913 1342 992 ''g.

96 1021 253 1103 myrrbae.'’
277 1022 374 1084 Scrib.
397 1021 501 1101 Comp.
525 1021 570 1101 ’'g.
594 1018 714 1104 nivis'').
743 1013 752 1107 ξ

179 1120 357 1205 anuncula
379 1141 431 1202 pro
454 1142 546 1203 parva
568 1122 680 1200 lagena.
715 1123 759 1184 Ut
779 1119 935 1201 penarium
952 1127 981 1180 et
996 1117 1185 1202 lapuuculum
1200 1119 1241 1180 sic
1257 1117 1345 1179 etiam

95 1223 257 1303 pugillares
280 1224 357 1284 feras
387 1224 413 1296 l,
436 1221 464 1296 6,
486 1223 515 1285 3.
539 1225 569 1296 2,
591 1222 620 1298 6,
643 1225 671 1285 2.
698 1222 773 1305 (016.
797 1220 864 1282 An.
888 1221 917 1294 6,
942 1221 968 1292 l,
989 1220 1029 1281 25
1053 1221 1116 1298 jam
1140 1207 1255 1300 pridem'
1274 1219 1346 1298 legi-

96 1333 145 1385 tur
168 1321 440 1409 ’planpuucutfflp
473 1321 576 1407 (061).

178 1422 322 1487 Marruuii
355 1444 406 1504 pro
440 1426 539 1504 parvis
562 1425 688 1486 mannis.
731 1424 874 1486 Habebat
902 1443 974 1504 puer
1000 1419 1157 1484 mannulos
1185 1422 1293 1482 multos
1315 1422 1346 1496 4,

96 1529 125 1600 2,
147 1527 174 1587 3.
199 1524 330 1610 (Mart).

180 1623 423 1689 Narratiunculn
449 1645 502 1706 pro
530 1625 612 1687 brevi
637 1626 815 1688 narratione.
860 1623 1110 1688 Narratiuuculis
1138 1623 1271 1704 pluribus
1300 1641 1347 1682 re-

101 1735 229 1789 novatur
250 1726 376 1811 (oratio)
399 1725 428 1800 6,
451 1728 500 1799 33,
521 1727 551 1789 8.
585 1724 735 1811 (Quint).

180 1826 321 1890 Socculus
343 1828 460 1908 proprie
483 1828 631 1906 significat
653 1829 786 1908 quemvis
809 1829 941 1890 calceum
956 1827 1150 1888 humillimum
1167 1823 1257 1910 (Seu.
1273 1824 1349 1885 Plin.

98 1929 167 2009 maj.
191 1928 307 2013 Suet),
337 1929 443 1990 deinde
467 1929 574 1990 dicitur
597 1929 632 1989 de
655 1929 761 2007 pedum
784 1927 978 2010 tegumentis,
1004 1928 1109 2008 quibus
1130 1927 1160 1988 iu
1183 1946 1274 1988 scena
1297 1944 1348 1986 66-

99 2031 194 2092 moedi
221 2032 383 2092 utebantur
411 2028 559 2114 (Quinc),
592 2036 654 2090 tum
678 2031 791 2092 Plinius
814 2031 842 2091 in
867 2030 1013 2090 locutione
1037 2048 1055 2089 a
1076 2048 1167 2090 scena
1188 2026 1283 2108 petita
1304 2027 1348 2086 le-

97 2132 165 2211 pide
199 2132 298 2211 posuit
331 2151 432 2192 vocem
461 2133 498 2191 ad
527 2129 667 2192 humilem
695 2131 772 2192 villae
798 2131 887 2192 situm
915 2131 1116 2191 indicandum.
1166 2130 1252 2190 Hanc
1275 2127 1348 2210 (vil-

99 2229 175 2316 lam)
199 2233 350 2312 appellare
373 2232 555 2292 comoediam
579 2232 669 2305 soleo,
693 2233 769 2312 quod
793 2231 876 2312 quasi
898 2229 1021 2292 socculis
1044 2231 1209 2292 sustinetur
1230 2228 1258 2302 9,
1273 2223 1302 2300 7,
1317 2230 1345 2289 3.

185 2330 367 2394 Tiruuculus
395 2352 447 2411 pro
470 2333 576 2412 pusillo
598 2332 693 2392 tirone
716 2333 824 2394 dicitur
849 2334 884 2393 de
908 2351 956 2404 eo,
985 2332 1034 2411 qui
1057 2351 1161 2412 parum
1184 2332 1213 2391 in
1237 2350 1267 2390 re
1290 2329 1346 2390 ali-

95 2453 156 2514 qua
178 2444 315 2494 versatus
338 2441 393 2494 est.
431 2431 519 2502 Quod
544 2453 589 2494 me
611 2452 789 2515 quamquam
806 2430 987 2495 tirunculum
1002 2433 1175 2494 sollicitavit
1190 2432 1227 2493 ad
1244 2451 1346 2492 emen-

94 2536 166 2596 dum
190 2534 262 2617 (ars)
286 2535 315 2609 3,
338 2533 366 2606 6,
388 2534 415 2596 4.
439 2534 517 2616 (061.
541 2534 611 2597 Seu.
634 2535 717 2596 Suet.
741 2533 837 2617 Juv.).
932 2588 934 2592 .

184 2633 340 2696 Tussicula
368 2654 421 2714 pro
451 2635 510 2695 leni
538 2635 622 2696 tussi.
667 2635 786 2695 Veteris
809 2633 990 2696 infirmitatis
1012 2631 1155 2694 tussicula
1178 2631 1347 2694 admonitus

96 2755 197 2798 rursus
220 2735 394 2816 sanguinem
417 2735 547 2796 reddidit
568 2735 597 2810 5,
623 2735 669 2809 19,
692 2735 720 2798 6.
750 2733 843 2819 (Cels.
866 2732 1030 2817 Pronum).

180 2871 249 2932 Jam
273 2872 351 2952 apud
374 2870 538 2949 superiores
554 2871 714 2951 scriptores
729 2871 832 2932 iisdem
854 2868 1133 2949 significationibus,
1148 2871 1255 2952 quibus
1269 2870 1348 2949 apud

98 2971 247 3042 Plinium,
269 2974 321 3034 sed
343 2972 439 3032 rarius
462 2980 595 3032 exstant:

183 3070 355 3134 Fonticulus
376 3091 428 3152 pro
452 3091 544 3152 parvo
568 3073 657 3133 16616.
700 3069 875 3134 Fonticulus
896 3071 925 3131 in
950 3071 1020 3144 hoc,
1043 3071 1071 3130 in
1096 3071 1176 3130 fonte
1200 3080 1298 3134 crater
1319 3071 1348 3147 5,

99 3173 127 3247 6,
149 3174 197 3234 23.
222 3174 310 3257 (Η61.
334 3174 399 3236 Sat.
424 3174 452 3246 l,
477 3173 505 3245 l,
526 3171 576 3235 56.
599 3173 677 3235 Pliu.
701 3174 770 3252 maj.
794 3170 885 3256 061).

180 3270 357 3336 8666111616.
401 3273 503 3355 Atque
525 3274 598 3334 adeo
617 3275 680 3353 jam
703 3271 872 3336 sarcinulas
896 3272 1051 3352 alligamus
1073 3272 1190 3345 4,1,2.
1220 3272 1348 3357 (061611.

100 3375 148 3448 28,
171 3372 217 3459 2).

180 3543 333 3604 Nonnulla
354 3552 423 3605 sunt
446 3544 649 3617 substantiva,
672 3565 735 3626 quae
757 3553 877 3625 propter
898 3545 1074 3606 varietatem
1094 3553 1124 3606 et
1140 3543 1349 3605 formationum

101 3653 129 3705 et
160 3643 407 3724 significationum
437 3664 493 3706 non
517 3647 600 3726 potui
623 3646 661 3708 ad
684 3654 767 3708 certa
789 3666 899 3725 genera
920 3646 1067 3726 redigere,
1100 3647 1291 3726 quamobrem
1314 3664 1350 3705 66

101 3746 336 3807 commemorabo
360 3746 461 3806 ordine
484 3746 648 3809 litterarum
673 3747 831 3827 descripta.

181 3847 293 3909 Eorum
318 3847 380 3908 haec
403 3848 463 3907 fere
484 3847 600 3909 Plinius
623 3868 750 3909 novasse
774 3848 906 3910 videtur:

180 3945 430 4021 Acocumeutum,
453 3949 629 4009 vocabulum
652 3949 837 4028 significans,
867 3950 944 4030 quod
968 3949 1084 4011 Plinius
1111 3949 1183 4010 fecit
1211 3949 1247 4008 ad
1271 3945 1350 4007 desi-

101 4049 248 4127 gnandum
271 4049 537 4123 oblectamentum,
559 4069 615 4129 quo
631 4050 746 4110 animus
762 4070 779 4110 a
795 4050 973 4130 cogitatione
996 4049 1104 4112 doloris
1120 4056 1272 4119 avocatur,
1294 4066 1349 4126 po-

103 4149 180 4210 nitur
202 4149 262 4211 1616
284 4169 337 4229 pro
360 4147 535 4223 levamento,
559 4147 671 4211 6616116.
715 4151 773 4210 Ero
797 4171 957 4231 suspensus
980 4172 1033 4232 pro
1055 4150 1185 4222 homine,
1207 4148 1275 4209 dum
1297 4149 1351 4210 ad-

104 4251 219 4312 mittere
252 4259 444 4313 nuocamcutc
476 4259 507 4311 et
540 4250 706 4336 cicatricem
735 4251 799 4330 pati
827 4253 923 4332 possit
944 4252 974 4326 8,
997 4252 1026 4325 5,
1049 4253 1078 4312 3.
1111 4250 1173 4312 011.
1195 4248 1225 4322 8,
1248 4251 1298 4321 23,
1323 4251 1350 4312 l.

105 4351 176 4412 Pan.
199 4351 250 4413 82.
294 4353 340 4412 Da
368 4372 422 4413 usu
454 4351 538 4412 verbi
566 4349 749 4412 ’'avocandi''
771 4354 926 4426 absolute,
960 4364 993 4414 61
1020 4353 1121 4422 61661,
1148 4349 1239 4429 positi
1261 4343 1350 4431 supra

105 4451 327 4532 disputavimus.

184 4550 358 4615 Cocoedium
386 4548 458 4636 (circ.
481 4551 552 4633 616.)
582 4572 634 4631 pro
656 4575 727 4616 6666
749 4554 873 4627 6111661,
895 4562 935 4620 ,ut
957 4561 1003 4613 est
1026 4551 1106 4630 apud
1128 4552 1298 4613 Varronem
1322 4559 1353 4614 et

107 4649 180 4715 Plio.
203 4654 292 4733 maj„
313 4673 337 4715 s.
359 4653 502 4740 impluvio
525 4655 653 4736 positum
678 4664 732 4716 est.
769 4653 939 4719 Cuvaedium
961 4653 1055 4714 hilare
1078 4655 1107 4727 2,
1128 4645 1175 4728 17,
1191 4651 1219 4715 5.
