3264 5332
295 455 333 512 82
784 458 809 513 J.
833 456 864 512 P.
887 457 1054 528 Legergren.

374 629 438 692 Sed
472 628 623 710 exemplis
657 631 835 702 ostendam,
869 637 1021 708 quotenus
1057 627 1181 690 Plinius
1209 629 1315 689 aetetis
1342 649 1405 691 sure
1424 630 1547 709 jndicio

293 729 464 792 serviverit
486 740 518 792 et
539 731 654 812 quibus
677 731 813 792 monime
836 730 924 790 vitiis
949 727 1039 807 hujus
1062 731 1165 790 aetetis
1187 729 1326 810 propriis
1349 730 1488 803 laboret,
1516 740 1549 792 et

294 850 361 892 enm
396 832 520 912 quidem
554 850 668 912 sequen
700 831 871 904 rationem,
905 838 939 892 ut
965 829 1101 909 primum
1125 829 1158 891 in
1180 829 1359 892 universum
1390 831 1548 912 disputem

294 931 332 993 de
361 939 428 993 toto
458 931 610 993 orationis
634 931 761 1005 habitu,
784 931 895 993 deinde
924 931 1046 1010 singulo
1071 929 1168 992 verbo
1189 950 1295 1002 auree,
1317 949 1384 1012 qnae
1407 940 1549 1006 vocetur,

294 1040 387 1094 stare
421 1041 475 1094 sut
502 1031 656 1094 inusitate
682 1039 738 1094 sut
763 1039 847 1094 certe
874 1051 947 1095 rere
970 1050 1159 1108 enumerem,
1192 1040 1258 1093 tum
1283 1030 1321 1092 de
1343 1034 1550 1112 grammatice

293 1133 415 1196 ratione
437 1133 546 1195 dicem.

377 1233 428 1296 Ex
461 1234 607 1296 universo
640 1233 766 1314 quidem
801 1232 957 1296 orationis
990 1231 1103 1293 habitu
1131 1234 1231 1313 magis
1261 1253 1392 1316 querire
1415 1233 1548 1315 singulis

297 1333 402 1396 verbis
425 1343 457 1394 et
479 1333 600 1396 ratione
622 1336 830 1414 grammatice
852 1341 996 1415 sppsret,
1019 1340 1168 1412 quantum
1193 1334 1233 1395 nb
1256 1354 1362 1407 auree,
1384 1353 1473 1416 quern
1490 1355 1549 1397 vo·

294 1443 379 1508 eunt,
400 1433 560 1496 latinitate
575 1453 677 1497 sermo
694 1435 858 1497 Plinianns
881 1433 1063 1495 abhorreat
1097 1434 1216 1495 Plinius
1239 1437 1332 1507 enim,
1354 1455 1422 1497 cnm
1446 1443 1479 1496 et
1500 1435 1549 1498 in-

294 1534 418 1615 genium
441 1543 600 1597 ostentere
623 1535 720 1597 vellet
741 1544 773 1597 et
792 1535 858 1614 jem
881 1534 954 1595 inde
977 1535 1018 1596 sb
1039 1533 1132 1595 initio
1156 1535 1308 1614 epistolas
1330 1555 1403 1597 sues
1418 1537 1549 1616 vulgare

294 1635 529 1709 constituisset,
561 1635 593 1698 id
627 1643 700 1698 onte
723 1635 828 1698 omnio
850 1635 1082 1716 spectabatur
1105 1635 1207 1696 oratio
1230 1635 1389 1716 perpolite
1411 1647 1444 1697 et
1465 1657 1551 1699 nove

294 1747 326 1797 et
346 1744 460 1818 argute
482 1735 654 1810 videretur,
676 1754 738 1817 qus
761 1735 791 1797 in
814 1754 847 1797 re
870 1755 937 1798 oum
962 1753 1083 1797 ornnem
1106 1737 1171 1797 lere
1189 1755 1294 1797 eurum
1317 1746 1459 1816 poneret,
1482 1739 1550 1799 leo-

293 1843 360 1898 tum
384 1844 446 1912 est,
469 1847 513 1910 nt,
534 1838 607 1901 dnm
630 1845 706 1918 epte
729 1854 873 1917 novoque
894 1837 992 1898 verbu
1014 1846 1204 1918 argutusque
1216 1837 1393 1898 sententies
1407 1847 1550 1900 sectetur

292 1945 325 2000 et
345 1937 499 2000 untionis
521 1940 654 2001 formem
678 1936 790 1999 limsre
811 1937 934 2010 studet,
956 1956 1006 1998 res
1027 1935 1200 2017 negligeret
1213 1947 1246 1999 et
1258 1938 1427 2000 sententiis
1441 1940 1549 2020 potins

292 2039 395 2102 uentis
428 2058 520 2120 quern
555 2039 594 2101 ed
624 2038 795 2100 docendum
819 2038 904 2119 aptis
925 2038 1068 2100 serviret
1111 2039 1162 2101 Ex
1184 2039 1243 2101 boo
1263 2040 1369 2102 studio
1391 2040 1550 2103 linxerunt

293 2140 384 2204 multi
417 2140 463 2204 illi
497 2140 576 2203 ”loci
610 2139 824 2214 communes'',
856 2139 909 2220 qui
935 2147 1104 2212 vocentur,
1133 2140 1217 2220 opud
1238 2140 1378 2204 Plinium
1401 2143 1549 2223 frequen-

291 2240 419 2304 tissimi.
463 2241 525 2312 Qui
559 2239 639 2302 ”loci
672 2241 871 2302 communes''
904 2259 972 2303 oum
1000 2239 1121 2320 judicio
1154 2249 1187 2302 et
1218 2259 1274 2303 suo
1304 2241 1373 2302 loco
1400 2243 1548 2305 collocuti

290 2361 480 2426 quamquem
503 2359 646 2421 magnum
669 2340 733 2402 vim
757 2341 893 2403 oretioni
916 2342 1053 2415 addunt,
1074 2351 1179 2404 minen
1201 2342 1341 2404 erebrius
1363 2343 1547 2424 interpositi

291 2462 352 2506 non
374 2451 510 2525 possunt
530 2441 588 2516 iis,
610 2441 663 2522 qui
686 2440 809 2522 legunt,
831 2441 959 2504 taedium
983 2461 1045 2504 non
1067 2443 1194 2504 efferre.
1237 2444 1288 2505 Ex
1311 2462 1425 2523 magns
1443 2454 1548 2507 entem

289 2542 382 2626 sepis
403 2543 469 2606 beeo
490 2543 556 2605 lere
578 2543 723 2623 exemplo
743 2543 902 2605 ”locorum
925 2542 1157 2606 communium”
1178 2544 1344 2606 efferendo
1364 2546 1495 2626 putori:

373 2642 490 2708 Gratis
521 2643 674 2706 mulorum
706 2653 772 2706 tem
804 2644 905 2706 infide
937 2652 987 2706 est
1012 2663 1105 2725 quern
1128 2645 1191 2726 ipsi
1216 2646 1248 2718 l,
1270 2645 1306 2719 5,
1332 2644 1378 2706 16.
1420 2646 1548 2710 Alienre

294 2745 404 2808 leudes
425 2763 535 2826 perum
557 2744 655 2827 equis
669 2743 800 2807 nuribus
821 2746 922 2827 accipi
944 2746 1049 2807 solent
1071 2744 1156 2820 l,8,
1170 2744 1200 2806 6.
1233 2745 1327 2827 Sequi
1351 2746 1463 2826 glorie,
1485 2767 1546 2810 non

289 2846 399 2928 adpeti
421 2845 516 2908 debet
539 2845 619 2920 1,8,
644 2845 691 2907 14.
734 2845 865 2908 Summe
887 2845 969 2909 rotie
992 2882 1030 2891 -
1052 2846 1254 2927 sapientibus
1275 2866 1334 2928 pro
1355 2849 1546 2910 necessitate

289 2955 340 3010 est
363 2947 501 3022 1,12,3.
543 2947 634 3009 Perit
654 2947 774 3028 gretie,
795 2947 824 3008 si
839 2955 1024 3029 reposcetur
1041 2949 1069 3020 1,
1087 2949 1134 3020 13,
1150 2946 1179 3008 6.
1223 2949 1293 3010 Hos
1314 2949 1418 3028 ipsum
1433 2968 1547 3011 smen-

289 3048 332 3111 tis
364 3055 428 3122 est,
460 3066 523 3109 nou
557 3067 688 3110 onerere
720 3067 791 3110 eum
823 3048 971 3110 leudibus
1004 3047 1109 3122 1,14,
1133 3049 1181 3110 10.
1224 3047 1318 3118 Quod
1340 3048 1484 3124 dubites,
1506 3069 1545 3112 ne

288 3148 402 3212 leceris
425 3149 455 3223 l,
479 3147 527 3222 18,
548 3147 578 3210 5.
620 3147 721 3212 Aliud
743 3149 824 3211 ulios
848 3156 972 3222 movet,
1003 3168 1041 3210 es
1068 3149 1251 3230 plerumque
1271 3169 1382 3230 parre
1403 3169 1455 3212 res
1477 3169 1547 3212 ωι-

286 3249 392 3312 ximus
423 3248 558 3312 mount
591 3251 625 3320 1,
647 3250 704 3322 20,
727 3251 776 3313 12
827 3251 916 3313 blnls
941 3249 1059 3332 emptio
1091 3268 1217 3331 semper
1242 3250 1372 3331 ingrate
1394 3250 1421 3322 1,
1442 3251 1494 3324 24,
1515 3252 1545 3313 2.

288 3350 393 3432 lingis
415 3349 492 3413 rire
514 3369 578 3413 rox
598 3351 708 3414 edbrit
727 3353 766 3424 2,
786 3352 823 3426 3,
844 3350 875 3415 9.
917 3353 1132 3414 Nnmernntur
1157 3353 1338 3424 sententies,
1369 3371 1432 3414 non
1464 3371 1546 3433 pon-

288 3452 439 3516 derentur
458 3454 490 3526 2,
515 3453 562 3524 12,
583 3453 614 3514 5.
657 3453 747 3515 Nihil
769 3472 858 3534 seque
873 3463 995 3534 gratum
1011 3461 1060 3516 est
1074 3453 1201 3536 adeptis
1215 3473 1308 3535 quern
1322 3453 1544 3534 concupissen-

287 3553 373 3616 tibus
394 3555 425 3624 2,
447 3553 498 3623 15,
522 3554 549 3615 1.
592 3552 818 3638 (Eloquentia)
851 3555 935 3616 mele
966 3555 1037 3616 siue
1069 3555 1210 3616 moribus
1243 3553 1378 3615 discitur
1398 3554 1434 3624 3,
1456 3554 1493 3626 3,
1513 3549 1544 3616 7.

288 3651 475 3726 Quumlibet
494 3673 578 3735 steps
601 3654 733 3735 obligati
755 3655 783 3716 si
798 3655 876 3736 qnid
891 3675 987 3717 unum
1002 3674 1112 3736 neges,
1135 3655 1194 3717 boe
1208 3655 1310 3717 solnm
1325 3653 1545 3728 meminerunt,

287 3757 371 3839 qnod
394 3761 541 3836 uegetum
565 3763 614 3816 est
635 3755 665 3828 3,
687 3753 769 3826 te
811 3754 940 3838 Optime
962 3755 1106 3818 libertati
1128 3757 1223 3818 venie
1244 3754 1397 3835 obsequio
1416 3774 1544 3836 prepu-

287 3865 380 3921 retnr
399 3855 527 3918 1111118.
569 3855 666 3918 unm
687 3857 821 3928 lamam,
843 3857 1067 3920 conscientiam
1089 3857 1182 3940 penei
1204 3863 1355 3918 verentur
1374 3855 1413 3928 3,
1433 3857 1491 3928 211,
1511 3855 1543 3918 8.

285 3957 380 4021 Vinci
413 3958 447 4022 in
481 3975 588 4019 surore
619 3957 836 4036 turpissimum
866 3967 916 4020 est
935 3959 972 4030 4,
995 3958 1029 4030 l,
1049 3959 1080 4020 5.
1122 3958 1224 4020 Reeta
1245 3956 1375 4036 ingenis
1396 3956 1545 4018 debilitet

283 4061 496 4128 mmmdin,
527 4076 676 4137 perversu
707 4058 871 4120 confirmet
903 4060 1037 4121 nuderis
1058 4059 1093 4128 t,
1113 4053 1149 4130 l,
1169 4059 1199 4118 3
1242 4055 1349 4135 elegis
1369 4055 1403 4118 in
1424 4059 1544 4120 studiis

282 4158 429 4224 honines
462 4159 560 4221 timer
590 4177 682 4238 qnam
714 4158 830 4221 fiducie
861 4158 952 4222 decet
971 4159 1003 4230 5,
1028 4155 1076 4232 ll',
1096 4159 1128 4221 3
1169 4157 1314 4219 Honeste
1335 4157 1470 4220 oonsilio
1491 4159 1543 4220 rel

281 4261 407 4343 turpis,
438 4267 537 4344 prout
564 4259 647 4321 nale
667 4269 724 4322 unt
743 4278 896 4340 prospere
917 4259 1049 4334 sedunt,
1080 4259 1128 4320 ite
1148 4257 1199 4318 rel
1220 4255 1398 4336 probentur
1417 4259 1470 4320 rel
1492 4279 1545 4321 re-

282 4362 522 4442 prebendatur
540 4359 572 4432 5,
592 4361 614 4422 9
633 4360 716 4442 (21),
738 4357 768 4422 7.
811 4359 875 4431 Qui
896 4359 1036 4430 inridet,
1064 4359 1167 4420 minor
1191 4365 1240 4418 ess
1267 4353 1305 4428 6,
1327 4351 1380 4426 Π,
1400 4357 1433 4420 4.
1474 4359 1543 4421 Nes

285 4481 336 4526 ne
356 4462 516 4544 pruten't,
535 4481 625 4524 uem
647 4471 681 4524 et
701 4481 771 4524 eme
792 4469 823 4523 et
845 4461 956 4522 baberi
978 4460 1132 4541 optinum
1154 4455 1281 4518 dicendi
1303 4457 1489 4537 megistum
1510 4457 1543 4528 d

284 4560 338 4635 ὃ,
357 4565 389 4626 t
431 4565 534 4644 Ajut
565 4563 695 4626 rnnltnnr
728 4563 893 4644 legendnm
921 4579 1008 4632 em,
1029 4578 1092 4622 non
1114 4556 1214 4619 uultu
1235 4553 1266 4628 l,
1286 4555 1318 4628 9,
1341 4556 1391 4620 lb
1433 4559 1544 4621 Τίιοι

283 4673 334 4726 ..ι
355 4666 540 4728 mse
559 4663 755 4746 „mmm
774 4658 808 4732 r,
830 4658 881 4730 rr,
905 4661 954 4723 rs
995 4657 1152 4722 nae-ms
1178 4657 1400 4740 :enpust-s
1427 4660 1543 4720 eun
