3264 5332
339 421 379 474 De
402 421 461 476 vita
482 424 511 476 et
532 419 688 476 elocutione
709 419 738 474 0.
762 419 846 476 Plinii
867 419 969 476 Oaecilii
990 419 1115 475 Secundi.
1314 423 1351 478 87

192 592 321 656 Andron
342 594 458 674 proprie
479 593 635 656 dicebatur
655 593 805 668 conclave,
828 592 878 656 ubi
899 593 1060 674 separatim
1082 593 1285 658 amulieribus
1299 595 1355 658 viri

113 695 217 757 morari
239 695 387 768 solebant,
411 695 490 775 apud
512 694 642 756 Plinium
665 714 745 768 vero,
768 704 802 756 ut
824 694 904 774 apud
926 693 1098 757 Vitruvium
1122 695 1280 757 transitum
1299 716 1356 758 an-

111 805 225 872 gustum
248 797 326 858 inter
348 797 421 856 duos
444 797 572 874 parietes
593 795 747 873 significat.
791 796 974 874 Interjacens
999 795 1119 858 andron
1138 795 1281 875 parietem
1303 816 1356 859 cu-

111 897 197 959 biculi
219 896 353 978 hortique
375 896 532 976 distinguit
553 898 582 970 2,
608 892 654 969 17,
677 897 725 958 22.

190 996 288 1079 Elepi.
332 998 452 1078 Scripta
479 995 566 1078 alapis
588 1005 654 1057 erat
675 989 844 1059 fluentibus
858 1004 888 1057 ct
909 993 1020 1058 teneris
1042 997 1072 1072 5,
1098 991 1147 1074 17,
1165 1000 1195 1061 2.
1217 996 1354 1074 6,15,1.

108 1093 136 1172 7,
158 1099 189 1173 4,
211 1100 240 1162 3.
262 1097 362 1180 (Post.
385 1098 464 1176 Aug.
487 1106 534 1160 act.
556 1099 628 1159 Tac.
652 1093 762 1180 Suet).

190 1196 449 1281 chdecasyllobi.
497 1197 637 1278 Accipies
671 1218 736 1260 cum
769 1198 826 1261 hac
858 1198 986 1280 epistula
1012 1197 1268 1282 hendecasyllabos
1300 1219 1355 1262 nc-

108 1302 240 1372 111114,
265 1300 314 1374 14,
335 1301 365 1374 2,
388 1299 426 1361 al.
449 1297 479 1373 5,
504 1298 542 1360 10
565 1296 648 1382 (11),
673 1300 699 1361 1.
721 1294 751 1372 7,
772 1300 802 1372 4,
826 1299 914 1374 1,11.
937 1300 1064 1383 (Catuli
1087 1298 1219 1381 Quint).

189 1399 420 1485 Hippodromus
442 1400 550 1462 dicitur
571 1400 747 1462 curriculum
776 1400 823 1460 vel
844 1401 991 1481 spatium,
1012 1399 1042 1462 in
1066 1419 1124 1481 quc
1147 1401 1214 1481 equi
1235 1401 1354 1480 agitan-

107 1511 164 1564 tur.
195 1501 401 1587 (Triclinium)
423 1499 588 1580 adjacentis
610 1498 802 1584 hippodromi
823 1521 925 1562 nemus
951 1519 1108 1581 comasque
1130 1510 1304 1582 prospectat
1324 1500 1354 1576 5,
1393 1486 1397 1492 ’

106 1601 135 1676 6,
159 1601 206 1666 19.
229 1604 279 1665 40.
302 1600 419 1687 (Plaut.
440 1601 557 1682 Mart).

187 1701 382 1784 Peristyliana
404 1701 480 1764 dixit
502 1703 597 1764 locum
619 1702 763 1764 columnis
786 1703 1010 1765 circumdatum.
1044 1701 1143 1764 Jussit
1157 1701 1186 1762 in
1199 1700 1353 1784 peristylia

107 1805 246 1885 templum
269 1805 334 1866 fieri
358 1805 405 1878 10,
428 1797 468 1865 70
490 1799 570 1889 (75),
591 1805 621 1864 2.
649 1803 745 1886 (11111.
768 1799 879 1886 Suet).
922 1803 1025 1865 Cicero
1052 1811 1082 1864 et
1103 1803 1200 1864 Varro
1222 1803 1352 1883 scripse-

106 1915 177 1967 runt
198 1904 422 1986 ''peristylum’'

187 2003 323 2068 Pedium
355 2005 487 2086 quamvis
520 2025 602 2084 paene
634 2014 805 2085 suggestum
834 2005 879 2066 val
901 2003 1099 2084 projecturam
1121 2001 1268 2082 significat
1288 2001 1351 2088 (la-

106 2107 165 2168 tine
198 2107 305 2169 dicitur
338 2108 399 2168 fere
433 2104 636 2187 maenianum),
670 2115 758 2186 atque
785 2106 862 2186 apud
885 2105 1015 2166 Plinium
1037 2104 1081 2167 sic
1103 2103 1211 2166 dicitur
1232 2105 1351 2184 crepido

105 2207 227 2270 inferior
253 2207 375 2288 parietis
403 2206 560 2268 interioris.
603 2207 660 2268 Est
687 2215 717 2268 et
741 2206 821 2268 aliud
843 2205 1009 2268 cubiculum
1031 2224 1178 2267 marmore
1200 2205 1350 2267 excultum

101 2308 194 2390 podio
215 2319 304 2370 tenus
328 2309 357 2383 5,
380 2307 408 2382 6,
430 2310 479 2369 22.
503 2305 627 2393 (Vita).

186 2407 395 2493 Prapaipeoa,
423 2409 511 2490 quod
524 2408 616 2471 latine
638 2408 826 2488 pr·a·lurnium
849 2407 966 2482 dicitur,
999 2404 1116 2487 proprie
1137 2407 1283 2487 significat
1305 2406 1351 2469 11-

103 2529 167 2571 cum
190 2521 261 2572 ante
286 2513 402 2572 furnum
425 2530 452 2570 v.
476 2511 625 2571 fornacem
648 2510 755 2584 situm,
777 2509 829 2570 sed
851 2509 931 2589 apud
953 2507 1094 2580 Plinium,
1116 2516 1267 2588 praeeunte
1290 2507 1347 2569 Vi-

101 2611 215 2684 truvio,
248 2611 292 2672 sic
324 2611 433 2673 dicitur
461 2611 538 2672 cella
566 2610 700 2690 quaedam
723 2609 832 2672 balinei
861 2611 979 2671 1111111
1005 2611 1166 2689 tepelta.
1214 2609 1349 2689 Adjecet

97 2710 286 2794 propaipecn
308 2712 418 2774 balinei
440 2713 469 2785 2,
491 2706 537 2783 17,
563 2711 609 2770 ll.
632 2708 758 2795 (vita).

182 2810 317 2874 Xeniom
345 2812 461 2893 proprie
484 2811 593 2872 dicitur
615 2831 720 2872 munus
742 2811 853 2891 hospiti
876 2810 996 2882 datum,
1018 2808 1125 2870 deinde
1146 2809 1236 2870 xenia
1258 2829 1350 2874 voca·

100 2911 210 2974 bantur
242 2913 417 2976 munuscula
449 2911 582 2974 convivis
614 2920 683 2992 post
715 2931 838 2974 coenam
867 2920 898 2972 et
920 2909 1075 2972 causidicis
1098 2910 1135 2971 cb
1158 2930 1279 2972 causam
1303 2910 1349 2973 di-

100 3014 222 3074 cendam
246 3015 327 3075 data.
370 3013 562 3076 Abeuntibus
585 3013 670 3075 nobis
692 3014 783 3075 acaia
805 3020 875 3074 sunt
897 3011 988 3072 missa
1009 3007 1038 3083 6,
1061 3010 1110 3084 31,
1134 3009 1180 3071 14.
1223 3011 1259 3073 11
1275 3031 1350 3073 cau-

68 3195 72 3198 ·
98 3114 138 3174 sis
168 3115 291 3193 agendis
315 3115 406 3178 etiam
429 3114 528 3178 seniis
550 3133 665 3195 semper
693 3113 826 3177 abstinui
847 3111 878 3186 5,
899 3113 936 3173 13
957 3107 1039 3194 (14),
1060 3109 1089 3172 8.
1112 3108 1225 3198 (Dia).
1249 3111 1347 3195 (Vitr.

97 3216 186 3277 Mart.
211 3216 294 3278 Suet.
316 3217 398 3278 Patr.
421 3215 540 3296 propria
561 3214 775 3294 significatione
798 3213 943 3276 vocabulo
966 3212 1011 3274 usi
1033 3209 1129 3294 sunt).

179 3316 335 3378 Postremo
357 3316 647 3380 commemorandum
670 3325 716 3378 est
737 3316 883 3395 Regulum
905 3334 953 3394 ap.
976 3312 1053 3375 Plin.
1075 3311 1199 3374 dixisse:
1226 3312 1348 3376 ''Habes

96 3414 325 3480 climactericam
346 3427 474 3499 tempus,
504 3418 556 3478 ssd
579 3417 707 3479 evades”
730 3421 759 3492 2,
770 3419 820 3490 20,
832 3417 861 3478 3.
898 3413 1147 3478 ’'climacterica'’
1170 3413 1348 3477 dicebantur

97 3525 248 3580 momenta
270 3521 404 3600 quadam
427 3518 511 3592 vitae,
536 3538 600 3600 quae
622 3517 826 3582 mathematici
849 3517 955 3580 fatalis
975 3523 1007 3577 et
1027 3513 1194 3596 periculosa
1215 3515 1347 3579 maxime

96 3620 217 3681 senibus
240 3623 399 3701 putabant.
425 3618 521 3704 (Gall.
544 3618 609 3704 11,).

178 3822 336 3886 Nonnulla
358 3821 429 3884 mihi
452 3821 524 3884 visae
545 3831 617 3885 sunt
638 3822 750 3902 digna,
780 3841 845 3904 quae
867 3821 1054 3896 afferrentur,
1075 3806 1178 3882 iormae
1199 3819 1344 3882 substan·
1380 3806 1381 3809 ¹

95 3923 239 3997 tivorum‚
272 3944 337 4005 quaa
364 3933 418 3985 aut
445 3923 697 3984 aconsuetudine
725 3923 902 4004 optimorum
931 3923 1110 4002 scriptorum
1132 3919 1343 3992 abborrerent,

95 4032 145 4085 aut
166 4025 246 4104 apud
269 4045 318 4087 eos
341 4023 499 4086 rarissimae
521 4031 628 4084 essent.

175 4123 372 4187 Accusationis
404 4123 562 4204 singularis
595 4124 706 4185 numeri
734 4123 845 4206 primae
880 4120 1343 4187 (11111111111111-1111-11

95 4225 155 4287 exit
177 4245 310 4306 pro-cm.
354 4225 496 4307 Lyristen
527 4226 554 4298 1,
579 4223 626 4297 15,
648 4227 677 4285 2.
720 4224 864 4286 poeticen
892 4227 921 4300 3,
946 4224 993 4300 15,
1014 4225 1043 4287 2.
1085 4220 1263 4302 Iatralipten
1295 4222 1342 4295 10,

95 4323 196 4411 5(4),
222 4329 247 4389 1.
292 4326 510 4406 Prctcpraxian
536 4327 582 4400 10,
607 4325 666 4386 108
688 4324 791 4411 (109),
816 4327 843 4388 1.

173 4424 330 4490 Ablaticos
351 4427 508 4506 singularis
531 4427 644 4488 numeri
665 4427 797 4507 ejusdem
819 4423 1025 4490 declinationis
1046 4423 1076 4486 in
1097 4443 1129 4486 -e
1150 4441 1203 4504 pro
1217 4443 1255 4484 -a
1268 4422 1340 4486 exit.

96 4526 260 4610 Numquam
284 4550 302 4591 a
324 4529 439 4608 poetice
462 4527 576 4590 alienus
599 4527 640 4589 fui
663 4522 691 4598 7,
713 4528 743 4600 4,
766 4529 795 4590 2.

174 4625 336 4692 Genitioaa'
351 4629 474 4710 pluralis
497 4628 611 4691 numeri
632 4627 830 4691 1111111111
850 4631 880 4702 2,
897 4628 944 4700 11,
959 4626 1008 4689 23.
1033 4627 1081 4700 10,
1105 4625 1164 4688 112
1185 4622 1288 4712 (113),
1312 4627 1339 4689 l.
