3226 5332
303 435 344 490 De
366 436 426 493 rita
448 439 476 491 et
498 437 653 494 elocutione
676 436 705 492 O.
729 435 813 490 Plinii
835 435 937 491 Catilii
960 437 1086 492 Secundi.
1285 430 1323 486 97

154 609 231 672 Cum
255 609 421 691 aequalibus
443 610 469 671 ei
492 609 662 672 communia
684 619 767 670 sunt:

153 706 360 773 Contentionis
382 730 434 791 pro
456 709 599 793 titipioso,
618 711 768 795 poposci,
791 710 985 772 conteretions‘s
995 706 1087 792 pleno
1103 708 1218 769 dicitur.
1248 705 1326 768 Ora-

73 811 113 871 tio
135 812 171 871 de
194 831 252 891 qua
274 811 376 892 loquor
398 831 517 892 pugnax
539 821 568 873 et
589 813 768 873 contentioso
791 821 838 870 est
860 813 890 884 2,
908 809 955 882 19,
970 811 998 871 5.
1027 806 1148 892 (Quint.
1165 809 1247 870 Decl.
1263 807 1323 879 5,1

72 910 179 990 legitur
204 910 431 974 ''contentiosa''
456 910 490 997 (i.
519 933 544 975 e.
568 910 725 994 pertinax)
749 911 937 984 mendicitas,
966 912 1017 972 sed
1044 911 1096 970 cfr.
1117 929 1182 990 quae
1211 909 1246 969 de
1268 907 1327 968 illis

73 1012 352 1074 Declamationibus
375 1013 541 1096 disputavit
563 1013 747 1092 Bernhardy,
773 1010 956 1073 ''Grundriss
979 1013 1032 1072 der
1053 1010 1234 1072 Rdmischen
1257 1009 1327 1070 Lit-

71 1113 214 1185 teratnr'’,
235 1112 335 1174 Dritte
357 1114 561 1193 Bearbeitung
581 1116 655 1192 Pag.
679 1109 749 1184 709,
772 1112 843 1173 Νο1.
866 1109 952 1195 568).

161 1210 358 1294 Voluptuosus
380 1225 524 1294 argentea
544 1224 633 1277 aetate
656 1214 812 1276 dicebatur
834 1232 887 1291 pro
910 1211 1068 1294 voluptatis
1088 1209 1191 1294 pleno,
1219 1209 1327 1296 votisp-

70 1315 159 1375 turn'o
209 1310 425 1397 Voluptuosnm
447 1335 534 1395 posse
557 1323 684 1397 utraque
711 1310 853 1396 (praedia)
876 1315 978 1375 eadem
1002 1332 1102 1393 opera,
1136 1314 1238 1374 eodem
1262 1312 1328 1372 via-

71 1415 130 1475 tico
169 1414 297 1476 invisere
337 1416 370 1488 3,
400 1414 453 1490 19,
480 1418 509 1478 2.
543 1415 665 1499 (Quint.
699 1414 783 1477 Deci.
812 1415 914 1477 Sidon.
945 1416 1094 1476 Praeterea
1127 1413 1226 1474 Krebs
1260 1413 1278 1474 Ι.
1307 1411 1327 1474 l.

71 1535 95 1578 s.
119 1536 146 1577 v.
169 1525 320 1577 auctorem
355 1518 459 1579 attulit
485 1518 647 1591 Senecam,
681 1517 756 1596 quod
785 1534 841 1595 quo
865 1517 932 1595 jure
962 1515 1077 1587 lecerit,
1111 1514 1224 1586 nescio,
1258 1513 1328 1593 quia

72 1617 169 1678 locum
192 1635 251 1678 non
274 1615 437 1701 laudavit).

154 1766 246 1846 Apud
272 1768 438 1848 superiores
464 1767 640 1848 scriptores,
669 1770 722 1830 sed
746 1767 813 1829 aliis
836 1765 1102 1847 significationibus
1127 1772 1216 1844 atque
1246 1764 1326 1844 apud

70 1867 202 1930 Plinium
225 1878 256 1930 et
276 1868 406 1948 aequales
428 1868 635 1932 inveniuntur:

153 1965 355 2031 Numerosns.
409 1969 576 2031 Numerosa
608 1970 689 2050 apud
721 1969 893 2032 Ciceronem
926 1969 1057 2048 aliosque
1090 1967 1197 2028 dicitur
1230 1965 1326 2026 oratio

71 2070 236 2143 concinna,
269 2070 424 2150 aequabilis
447 2080 576 2151 apteque
605 2071 762 2142 conclusa,
796 2072 846 2132 sed
876 2071 955 2149 apud
977 2069 1153 2147 scriptores,
1186 2067 1235 2147 qui
1257 2076 1327 2146 post

70 2171 241 2250 Augustum
270 2172 407 2244 fuerunt,
440 2171 560 2251 ponitur
582 2171 790 2232 diversissimis
824 2173 918 2232 modis
947 2191 1000 2251 pro
1021 2166 1196 2251 multiplici,
1226 2166 1326 2241 corio,

71 2271 206 2355 copioso,
238 2269 356 2354 ampla,
387 2269 494 2345 multo,
528 2272 622 2334 velut:
656 2273 723 2333 Hoc
751 2273 845 2351 pretio
874 2271 1040 2353 quamlibet
1061 2290 1221 2331 numeroso
1243 2266 1278 2352 (i.
1301 2289 1325 2329 e.

71 2370 182 2456 multa)
204 2372 346 2434 subsellia
367 2373 518 2452 inplentur
539 2375 568 2446 2,
593 2373 641 2446 14,
664 2372 691 2435 6.
720 2372 748 2445 6,
771 2373 820 2446 33,
843 2375 871 2433 3.
920 2373 985 2434 Hoc
1019 2391 1193 2432 numerosos
1220 2388 1326 2429 manus

71 2475 168 2553 poscit
196 2472 229 2547 9,
256 2468 306 2546 37,
334 2473 360 2534 4,
416 2474 493 2534 Tam
520 2495 714 2536 rrumerosurn
740 2473 774 2556 (i.
798 2494 821 2534 e.
850 2470 985 2555 tantum)
1019 2491 1123 2550 agmen
1152 2489 1268 2531 reorum
1295 2470 1326 2543 3,

70 2572 99 2647 9,
124 2574 172 2636 ll.
226 2574 284 2635 Hic
316 2574 566 2636 orsmarosissimo
597 2574 631 2657 (i.
663 2595 688 2636 e.
718 2573 945 2653 copiosissimae,
978 2572 1105 2634 maxime
1138 2568 1325 2652 multiplicis)

71 2694 170 2736 causae
203 2675 348 2736 terminus
381 2675 437 2736 fuit
465 2675 499 2748 3,
522 2675 630 2748 9,.22.
683 2673 892 2736 Numerosom
914 2672 949 2758 (i.
973 2693 998 2734 e.
1028 2672 1173 2753 amplam)
1207 2673 1325 2731 domum

72 2795 130 2838 uno
158 2776 298 2837 beneficio
323 2776 364 2836 sis
392 2776 575 2856 obligaturus
597 2775 626 2848 4,
651 2777 697 2848 15,
719 2776 746 2836 4.
776 2776 851 2837 Pan.
874 2774 923 2836 28.
946 2773 996 2835 39.
1040 2772 1101 2834 on.
1124 2770 1345 2838 Numsnoaius,

71 2876 257 2959 gymnasium
281 2874 315 2961 (i.
339 2895 363 2937 e.
385 2896 442 2957 quo
468 2877 555 2956 plura
581 2878 713 2938 membra
738 2877 775 2938 ad
806 2875 904 2937 varias
933 2874 1160 2936 exercitationes
1183 2873 1325 2934 instituta

72 2975 277 3061 continentur)
302 2977 351 3051 10,
372 2976 413 3039 39
435 2975 517 3061 (48),
538 2977 573 3052 4,
597 2975 689 3061 (Plio.
713 2978 781 3056 maj.
803 2976 868 3039 Col.
891 2976 982 3036 Mart.
1005 2973 1108 3045 Quint.
1132 2971 1230 3057 Tac.).

155 3075 322 3141 Ominoaus.
366 3075 542 3140 Ominosum
563 3078 679 3140 Plinius
703 3079 780 3139 dixit
803 3097 861 3138 renr
885 3076 1009 3154 alicujus
1031 3075 1149 3135 ominis.
1192 3074 1324 3136 Notabi-

74 3179 109 3240 lis
133 3189 223 3260 atque
246 3180 336 3241 etiarn
359 3179 495 3241 ominoso
516 3199 561 3240 res
584 3180 693 3241 accidit
720 3180 750 3252 3,
775 3180 821 3251 14,
844 3176 873 3239 6.
901 3174 1069 3261 (Praeterea
1091 3175 1147 3236 hac
1169 3189 1241 3236 voce
1260 3176 1324 3254 jam

73 3280 205 3342 Messala
227 3299 297 3341 usus
312 3288 358 3341 est
372 3300 420 3361 ap.
436 3281 512 3343 Gell.
533 3281 579 3355 13,
596 3280 644 3355 14,
660 3281 689 3353 6,
712 3281 761 3342 ubi
776 3280 897 3360 legitur:
920 3278 1071 3339 ”Mentem
1092 3276 1184 3338 istum
1202 3275 1324 3359 (Aven-

73 3381 186 3463 tinum)
208 3381 415 3454 excluserunt,
438 3382 525 3462 quasi
548 3381 652 3443 avibus
676 3382 830 3443 obscoenis
853 3377 1064 3459 ominosum'’).

156 3479 360 3566 Scrupulosus
388 3483 465 3562 apud
494 3492 609 3544 veteres
636 3484 796 3562 scriptores
826 3481 946 3561 propria
966 3477 1181 3558 significatione
1203 3477 1325 3557 ponitur

74 3583 133 3643 iere
162 3603 215 3662 pro
243 3602 364 3664 aspero,
391 3583 444 3644 sed
467 3584 545 3662 apud
568 3582 696 3644 Plinium
721 3593 752 3644 ct
773 3583 901 3663 aequales
925 3601 976 3660 per
997 3579 1226 3641 translationem
1248 3578 1324 3640 dici·

73 3693 121 3745 tur
143 3685 180 3744 de
203 3702 251 3758 eo,
284 3684 363 3764 quod
396 3684 516 3745 difficile
539 3692 586 3744 est
608 3685 645 3744 ad
669 3683 899 3744 examinandum
923 3691 954 3742 et
976 3681 1174 3743 enarrandum
1198 3679 1323 3760 ideoque

73 3803 213 3864 magnam
246 3785 428 3864 diligentiam
462 3784 623 3846 desiderat.
667 3783 787 3845 Miraris
815 3783 893 3864 quod
921 3790 967 3844 tot
989 3782 1140 3843 volumina
1172 3781 1323 3859 multaque

72 3885 100 3946 in
125 3884 170 3945 his
192 3894 254 3946 tam
276 3883 453 3967 scrupuloso
481 3885 567 3946 horno
590 3894 753 3964 occupatus
775 3883 939 3945 absolverit
961 3885 990 3957 3,
1012 3883 1041 3956 5,
1062 3878 1091 3945 7.
1135 3879 1229 3963 (Plio.
1252 3880 1322 3957 maj.

73 3983 178 4054 Quint.
201 3987 338 4048 Frontin.
362 3987 433 4049 Val.
456 3983 568 4069 Marc).
612 3985 674 4046 Illis
697 3985 842 4047 addatur:

155 4083 324 4167 Stipmosus
352 4087 506 4148 dicebatur
527 4105 645 4160 servus,
675 4087 757 4165 cnjus
780 4086 871 4146 l'ronti
893 4094 981 4159 nota,
1008 4102 1073 4165 quae
1101 4081 1211 4159 stigma
1232 4098 1322 4140 voca-

75 4188 172 4261 batur,
200 4188 303 4248 inusta
325 4198 405 4260 erat,
432 4207 491 4267 qua
514 4205 570 4247 non
595 4187 672 4266 frugi
694 4205 797 4247 servus
820 4185 969 4248 indicatus
990 4195 1044 4246 est.
1087 4180 1220 4244 Maxime
1246 4179 1323 4258 lugi-

74 4288 142 4348 tivis
175 4287 246 4348 talis
279 4296 352 4349 nota
383 4288 460 4349 inuri
487 4287 611 4349 solebat.
654 4287 760 4349 Adicit
784 4287 952 4349 Vitelliano
980 4284 1118 4346 cicatrice
1147 4279 1322 4361 stipmosnm

75 4387 205 4466 Regulus
229 4408 277 4469 ap.
298 4388 376 4450 Plin.
402 4390 427 4462 l,
448 4389 479 4460 5,
502 4391 531 4450 2.
554 4386 676 4472 (Ρ911.).

156 4539 227 4600 Jam
249 4541 329 4619 apud
349 4540 515 4621 superiores
536 4539 694 4620 scriptores
716 4540 818 4602 iisdenr
842 4541 902 4602 iere
924 4533 1188 4614 significationibus
1215 4533 1322 4614 quibus

75 4641 154 4720 apud
177 4639 306 4704 Plinium
329 4652 361 4705 et
382 4642 523 4722 aequales,
545 4640 597 4702 scd
619 4641 713 4703 rarius
736 4649 872 4704 exstant:

1170 4731 1190 4802 7
