3264 5332
386 455 426 510 De
448 454 509 511 vita
530 456 558 510 et
580 452 735 510 elocutione
757 453 787 508 C,
810 452 896 508 Plinii
917 451 1020 508 Caecilii
1041 451 1168 508 Secundi.
1382 455 1398 510 5

154 637 279 709 sumptae
305 628 452 691 inutiliter
474 648 539 690 esse
565 627 704 691 videntur
717 625 757 710 ¹).
800 627 846 688 Ne
870 626 1012 707 pecunias
1034 625 1151 708 quidem
1173 625 1307 706 publicas
1328 625 1403 688 satis

154 730 311 810 diligenter
339 739 500 808 exegerant
521 728 726 810 proconsules,
754 727 803 808 qui
830 736 900 789 ante
921 727 1049 789 Plinium
1073 727 1257 808 provinciam
1280 727 1403 789 obtinu-

154 841 240 893 erant
254 830 292 913 ²).
326 830 383 892 His
405 830 528 911 aliisque
555 830 686 909 ejusdem
708 828 824 908 generis
847 828 927 890 vitiis
949 837 982 889 ut
1004 830 1170 890 mederetur
1192 837 1223 890 et
1244 828 1403 909 perturba-

153 941 201 994 tas
225 951 272 992 res
294 930 453 1011 provinoiae
476 931 642 1004 ordinaret,
675 928 788 992 Plinius
811 929 839 990 in
862 928 1036 1011 Bithyniam
1063 940 1094 991 et
1123 931 1252 991 Pontum
1280 949 1299 990 a
1324 931 1403 992 Tra·

150 1033 227 1113 jano
253 1033 362 1093 missus
385 1042 433 1093 est
454 1032 588 1111 '’legatns
613 1050 667 1111 pro
693 1039 819 1110 praetore
846 1030 995 1091 consulari
1021 1029 1201 1110 potestate.”
1248 1028 1323 1100 Quae
1348 1049 1404 1111 po-

154 1142 251 1196 testas
273 1133 369 1214 qualis
391 1133 481 1194 suerit
503 1133 591 1212 plane
618 1133 780 1204 nescimus,
813 1130 869 1192 nisi
897 1131 953 1192 hoc
975 1131 1061 1193 titulo
1082 1131 1240 1205 indicatur,
1272 1131 1402 1193 Plinium

154 1235 266 1315 majore
298 1242 449 1314 potestate
482 1241 620 1294 ornatum
654 1232 759 1304 fuisse,
791 1250 879 1312 quam
905 1231 1073 1294 habuerant
1094 1233 1285 1312 proconsules
1307 1231 1402 1294 eidem

153 1333 313 1416 provinciae
336 1343 427 1395 antea
449 1334 590 1414 praefecti.
628 1333 671 1396 Ut
693 1342 791 1394 autem
814 1332 957 1394 incertum
981 1343 1027 1394 est
1049 1335 1188 1414 quamdiu
1201 1333 1315 1396 Plinius
1331 1353 1403 1413 pro·

153 1436 258 1497 vinciae
280 1435 322 1496 illi
344 1435 510 1516 praefuerit,
533 1454 708 1516 quamquam
725 1443 884 1495 sumcerte
900 1433 1066 1514 plusquam
1083 1454 1193 1495 annum
1210 1435 1265 1497 hoc
1280 1453 1403 1496 munere

154 1539 287 1598 functum
321 1536 475 1610 videmus,
507 1535 550 1597 ita
577 1555 634 1597 non
664 1535 757 1614 magis
783 1534 876 1614 liquet
902 1534 1018 1616 quando
1045 1543 1180 1596 mortuus
1201 1535 1242 1596 sit
1263 1544 1316 1597 aut
1337 1535 1403 1607 ubi,

153 1638 205 1700 sed
228 1657 293 1700 eum
323 1637 362 1698 ad
390 1637 431 1700 46
462 1636 562 1699 aetatis
592 1655 701 1698 annum
729 1636 766 1697 in
782 1635 845 1696 vita
867 1634 971 1707 fuisse,
992 1655 1045 1717 pro
1068 1645 1148 1697 certo
1170 1635 1288 1699 scimus.
1331 1637 1404 1698 Haec

155 1739 214 1800 fere
237 1738 330 1801 habui
353 1739 450 1800 dicere
472 1740 508 1799 de
532 1738 595 1798 vita
616 1737 737 1818 publica
757 1736 864 1810 Plinii,
893 1737 977 1817 cujus
1001 1735 1259 1798 adumbrationem
1281 1745 1404 1818 propter

152 1839 242 1920 spatii
275 1839 429 1918 angustias
461 1858 548 1920 quam
577 1837 758 1899 brevissimis
783 1837 892 1899 linibus
920 1837 1160 1900 circumscribere
1188 1857 1308 1900 necesse
1330 1845 1403 1900 erat.

153 1940 252 2011 Quam
285 1941 323 2001 ob
350 1959 412 2002 rem
439 1940 464 2001 si
492 1939 557 2020 quis
585 1938 753 2000 accuratius
776 1958 952 2018 cognoscere
980 1938 1070 2012 velit,
1097 1937 1203 2019 quibus
1230 1939 1327 2000 causis
1356 1937 1403 1999 ni-

154 2048 257 2103 tantur
292 2041 349 2102 illae
379 2039 526 2112 rationes,
559 2039 665 2100 iterum
695 2040 854 2112 admoneo,
887 2049 920 2102 ut
954 2039 1033 2120 legat
1065 2039 1296 2120 disputationes,
1329 2058 1404 2120 quas

155 2162 245 2222 supra
273 2141 412 2214 laudavi,
444 2140 634 2202 Mommsenii
662 2149 692 2200 et
714 2137 872 2213 Massonii,
905 2160 1027 2222 quorum
1050 2149 1174 2221 uterquc
1197 2160 1264 2202 cum
1287 2159 1405 2202 summa

155 2262 228 2304 cura
249 2250 278 2303 et
300 2242 464 2321 sagacitate
486 2241 563 2303 hano
585 2261 645 2302 rem
668 2241 821 2302 tractavit,

236 2343 324 2405 Nunc
339 2342 434 2424 qualis
445 2341 533 2404 fuerit
545 2342 573 2403 in
588 2341 706 2422 privata
714 2339 744 2425 3)
757 2342 819 2403 vita
831 2341 958 2416 Plinius,
973 2342 1104 2405 breviter
1115 2361 1272 2422 exponam.
1293 2338 1341 2403 Ac
1352 2360 1406 2401 su-

156 2465 209 2524 pra
228 2444 343 2524 quidem
360 2451 486 2524 quantos
504 2462 650 2524 quamque
668 2441 776 2505 celeres
795 2442 824 2503 in
838 2442 945 2505 litteris
957 2463 1130 2524 progressus
1144 2446 1257 2505 faceret
1269 2441 1408 2516 indicavi,

155 2546 233 2626 quod
260 2545 339 2606 idem
362 2553 487 2624 apparet
510 2564 548 2605 ex
569 2544 669 2606 multis
691 2543 774 2617 locis,
798 2563 871 2624 quos
893 2543 922 2604 in
945 2544 1078 2624 epistolis
1098 2545 1159 2607 suis
1182 2544 1301 2619 attulit,
1328 2543 1407 2623 opti·

158 2665 271 2707 morum
294 2643 490 2725 scriptorum,
514 2644 594 2706 velut
616 2643 775 2706 Aeschinis
793 2644 840 2728 ⁴),
861 2645 1073 2707 Demosthenis
1091 2645 1135 2730 ⁵),
1167 2644 1350 2728 Thucydidis
1364 2645 1407 2728 ⁸),

155 2746 366 2827 Xenophontis
378 2746 422 2828 ¹),
450 2746 571 2806 Homeri
584 2741 630 2829 ⁸),
652 2745 803 2824 Euripidis
817 2745 861 2829 ¹¹),
885 2745 996 2808 Catulli
1011 2745 1073 2831 ¹⁰),
1101 2746 1181 2809 Livii
1196 2745 1258 2831 ¹¹),
1286 2745 1407 2808 Cicero-

155 2848 198 2909 nis
212 2846 273 2933 ¹²),
306 2846 446 2919 aliorum,
480 2865 552 2927 quos
581 2847 628 2908 hic
656 2846 776 2925 longum
805 2856 851 2907 est
873 2865 1053 2910 enumerare.
1098 2848 1232 2928 Cumque
1254 2856 1316 2909 tam
1340 2855 1406 2908 stu-

46 2938 52 2954 *
153 2949 253 3011 diosus
275 2957 369 3020 esset,
402 2956 436 3009 ut
457 2947 545 3009 etiam
569 2946 647 3008 inter
669 2949 837 3009 venandum
859 2948 962 3009 stilum
984 2957 1015 3010 et
1036 2948 1197 3030 pugillares
1220 2967 1320 3009 secum
1345 2949 1406 3009 fer*

153 3048 269 3132 ret¹³),
298 3068 357 3110 non
387 3057 433 3109 est
456 3049 560 3110 mirum
583 3067 649 3108 eum
672 3047 701 3107 ic
724 3046 843 3110 dicendi
865 3058 944 3120 arte,
972 3051 1079 3131 quippe
1101 3049 1148 3112 cui
1169 3050 1317 3130 praecipue
1339 3057 1405 3110 stu-

152 3152 248 3225 deret,
271 3169 416 3230 eousque
437 3149 618 3230 pervenisse,
647 3157 681 3210 ut
703 3169 769 3209 cum
791 3149 993 3211 Demosthene
1015 3161 1046 3212 et
1068 3151 1226 3222 Cicerone,
1252 3168 1325 3231 quos
1348 3148 1406 3211 sibi

153 3253 190 3312 ad
212 3251 389 3313 imitandum
412 3258 609 3331 proposuerat
630 3248 815 3323 indicendo,
837 3263 1070 3330 compararetur.
1103 3253 1146 3316 Ut
1161 3259 1262 3312 autern
1278 3250 1403 3312 multum

151 3351 277 3414 dicendo
300 3350 437 3426 valebat,
459 3352 502 3414 ita
523 3370 683 3432 numquam
700 3353 873 3426 recusabat,
895 3351 964 3432 quin
981 3353 1120 3416 facundia
1135 3371 1190 3413 sua
1201 3352 1302 3431 justas
1316 3352 1404 3413 inno-

152 3454 281 3516 centium
315 3472 421 3515 causas
448 3461 596 3526 tueretur,
629 3471 803 3534 semperque
825 3461 948 3532 paratus
981 3462 1047 3518 erat
1078 3453 1201 3534 injurias
1233 3453 1335 3534 probis
1365 3453 1403 3513 ab

151 3554 296 3635 improbis
328 3554 430 3616 illatas
463 3553 592 3635 exsequi.
635 3552 815 3635 Plerumque
844 3554 960 3634 quidem
986 3556 1016 3618 in
1039 3556 1140 3618 causis
1167 3553 1295 3636 privatis
1323 3553 1403 3635 apud

151 3656 351 3718 centumviros
365 3652 411 3738 ¹⁴)
433 3655 555 3736 agendis
578 3663 714 3716 versatus
736 3673 802 3716 esse
825 3654 951 3730 videtur,
973 3677 1153 3740 quamquam
1176 3676 1235 3719 non
1251 3653 1403 3719 dubitavit

199 3835 216 3903 ¹)
243 3843 289 3903 10,
313 3840 351 3896 37
377 3841 448 3908 (46).
583 3834 606 3905 ²)
634 3843 679 3902 10.
704 3841 743 3896 54
767 3842 838 3905 (62).

194 3921 216 3992 ³)
238 3927 358 3998 Egregie
383 3931 416 3980 de
438 3927 545 3996 privata
567 3928 648 3981 Plinii
669 3928 726 3981 vita
747 3929 853 3998 scripsit
873 3929 1050 4000 Doeringius,
1074 3949 1153 4002 quem
1178 3948 1228 4002 ego
1252 3943 1351 4000 magna
1366 3945 1401 3981 ex

154 4022 231 4084 parte
254 4024 361 4068 secutus
385 4032 460 4077 sum,
484 4013 509 4066 in
534 4015 691 4082 praefatione
706 4017 740 4068 ad
757 4015 899 4069 editionem
915 4016 1108 4087 Epistularum.
1141 4016 1279 4072 Nonnulla
1294 4013 1401 4068 addidit

149 4105 317 4165 Tanzmann,
350 4103 407 4156 ”De
430 4103 456 4156 C.
479 4100 560 4156 Plinii
589 4101 687 4154 Caecilii
713 4101 829 4156 Secundi
860 4103 933 4167 vita,
960 4104 1081 4176 ingenio,
1116 4105 1234 4158 moribus
1264 4100 1400 4171 quaestio'',

148 4190 262 4244 Breslau
281 4188 370 4252 1865,
393 4190 439 4243 sed
464 4206 496 4241 ea
519 4188 608 4242 omnia
630 4187 732 4241 leviora
744 4196 815 4243 sunt.
848 4191 1003 4260 Perpaucas
1020 4194 1053 4245 de
1068 4192 1125 4245 vita
1139 4189 1219 4245 Plinii
1235 4187 1399 4258 quaestiones

148 4277 174 4330 in
198 4276 419 4344 disceptationem
443 4274 549 4329 vocavit
572 4275 684 4336 Geisler,
706 4276 763 4329 ''De
785 4275 866 4330 Plinii
889 4277 996 4332 minoris
1020 4278 1102 4340 vita”,
1126 4277 1240 4331 Breslau
1268 4275 1358 4330 1862.

191 4354 214 4428 ¹)
239 4363 267 4424 9,
292 4362 342 4426 26,
367 4364 413 4416 ll.
549 4354 574 4430 ¹)
598 4361 626 4424 4,
651 4361 677 4424 t,
703 4363 729 4416 6.
759 4363 787 4425 9,
812 4363 861 4428 26,
886 4363 913 4422 8.
1049 4357 1071 4422 ¹¹)
1095 4364 1123 4427 4,
1147 4361 1175 4426 7,
1199 4361 1226 4415 3.
1251 4362 1279 4426 5,
1301 4361 1329 4425 8,
1353 4365 1399 4418 ll.

194 4440 215 4512 ¹)
239 4446 267 4511 7,
291 4447 340 4511 32,
365 4447 391 4503 2.
548 4441 572 4512 ⁸)
597 4450 623 4511 l,
647 4448 674 4510 7,
701 4449 724 4501 l.
757 4449 782 4510 1,
807 4449 856 4512 20,
881 4450 928 4506 22.
958 4450 986 4515 5,
1011 4452 1059 4514 19,
1084 4450 1110 4504 2.
1140 4451 1168 4512 9,
1194 4448 1241 4512 13,
1267 4449 1306 4504 20
1329 4451 1365 4505 al.

191 4527 214 4595 ⁹)
237 4534 265 4596 4,
294 4536 339 4596 ll,
363 4536 390 4588 9.
414 4534 442 4597 4,
468 4532 517 4597 27,
541 4535 568 4589 6.
708 4527 740 4598 ¹⁰)
764 4533 792 4599 4,
820 4537 866 4600 14,
891 4527 929 4592 5.
1057 4530 1089 4601 ¹¹)
1114 4537 1141 4601 6,
1166 4535 1215 4598 20,
1240 4536 1268 4594 5.

196 4615 230 4686 ¹²)
256 4619 391 4684 1,20,7.
415 4620 441 4676 8.
467 4621 513 4675 10.
539 4619 566 4684 ’1,
586 4618 633 4684 ll,
653 4619 699 4675 13.
835 4616 868 4688 ¹³)
893 4626 918 4688 l,
943 4625 970 4687 6,
997 4625 1021 4679 l.

197 4701 229 4773 ¹¹)
255 4710 280 4772 1,
307 4706 354 4771 18,
378 4707 405 4765 3.
429 4709 456 4771 6,
483 4707 530 4771 12,
557 4707 582 4764 2.
607 4709 635 4771 6,
658 4705 708 4772 33,
733 4706 760 4764 2.
