3264 5332
250 417 288 470 30
739 424 764 479 J.
788 421 819 480 P.
842 423 1009 496 Lagergren.

249 607 288 650 ex
311 597 401 668 parte
424 592 454 653 in
478 593 609 656 solutam
628 595 800 658 orationem
818 595 1068 676 immigraverat,
1090 597 1153 659 illis
1170 599 1294 660 demum
1311 594 1502 676 temporibus

249 701 354 752 tamen
378 691 566 768 increbruit,
590 696 701 775 quibus
725 703 825 778 pob'tse
848 698 912 759 fere
936 697 1011 771 soli,
1035 699 1065 760 in
1089 699 1199 778 primis
1222 698 1398 780 Vergilius,
1422 694 1502 758 Ovi-

250 791 338 866 dius,
373 794 543 869 Horatius,
577 797 725 876 neglectis
758 797 809 860 vel
839 798 1026 878 postpositis
1055 798 1128 861 aliis
1157 799 1373 879 scriptoribus,
1404 795 1501 858 etiam

248 893 280 955 in
303 892 419 956 scholis
443 895 674 960 lectitabantur.
720 897 770 960 Ad
805 898 928 962 illorum
961 898 1084 961 dicendi
1118 901 1250 963 formam
1274 896 1500 963 adolescentuli

250 995 475 1056 assuescebant
498 997 670 1060 orationem
696 1001 949 1074 accommodare,
982 999 1106 1063 illorum
1129 1001 1342 1082 granditatem
1366 1018 1427 1060 non
1451 1017 1502 1060 so-

250 1096 310 1158 lum
334 1101 446 1175 po'etae,
469 1097 523 1158 sed
547 1098 642 1160 etiam
667 1100 775 1163 soluta
798 1100 952 1163 orationis
975 1101 1145 1182 scriptores
1167 1101 1382 1166 imitabantur.
1414 1099 1503 1162 Prae-

250 1206 337 1258 terea
370 1196 433 1258 illis
467 1199 661 1279 temporibus
695 1220 799 1264 omnes
822 1203 902 1274 fere,
930 1201 981 1282 qui
1005 1202 1131 1283 quidem
1155 1202 1294 1285 aliquam
1318 1219 1445 1284 operam
1471 1199 1502 1262 in

253 1297 368 1360 litteris
391 1309 556 1378 ponerent,
579 1320 687 1364 versas
711 1321 833 1384 quoque
850 1302 1015 1382 scripsisse
1031 1303 1188 1365 ridentur.
1232 1304 1290 1366 Illo
1307 1321 1381 1365 vero
1398 1300 1503 1364 studio

251 1405 413 1479 poetarum
437 1401 585 1463 confundi
609 1411 722 1483 coepta
743 1412 818 1464 sunt
837 1404 927 1465 varia
944 1403 1065 1466 dicendi
1082 1422 1195 1484 genera
1211 1423 1248 1466 ac
1262 1404 1366 1467 soluta
1383 1420 1504 1484 quoque

251 1499 352 1562 oratio
375 1500 499 1580 politico
523 1503 654 1581 quodam
671 1505 739 1564 fuco
763 1504 971 1566 colorabatur.
1015 1504 1087 1566 Non
1103 1504 1181 1565 nihil
1197 1513 1301 1568 autem
1318 1505 1358 1566 ad
1374 1503 1504 1565 latinam

253 1601 388 1680 linguam
422 1602 647 1683 inquinandam
676 1603 790 1677 valuit,
823 1605 905 1684 quod
930 1623 968 1666 ex
992 1604 1134 1668 omnibus
1157 1606 1221 1666 fere
1244 1613 1336 1667 terrae
1359 1604 1504 1686 partibus

251 1701 405 1782 peregrini
429 1703 562 1765 Romam
585 1704 822 1777 confluxerunt,
845 1705 962 1768 crebris
986 1705 1201 1769 occasionibus
1224 1706 1265 1767 ad
1281 1705 1415 1768 bonores
1431 1723 1505 1785 per-

250 1803 397 1866 veniendi
432 1803 547 1866 allecti.
601 1804 651 1866 Illi
686 1805 767 1866 enim
801 1806 958 1887 peregrini
993 1806 1128 1869 barbare
1161 1806 1323 1888 loquentes
1352 1804 1450 1867 multa
1472 1804 1504 1866 in

250 1904 389 1985 linguam
414 1904 606 1968 induxerunt
629 1905 740 1968 aliena.
773 1905 822 1970 Ao
844 1907 980 1970 Romani
1004 1907 1128 1989 quidem
1151 1907 1223 1988 ipsi,
1245 1926 1314 1970 cum
1332 1906 1417 1969 haud
1432 1925 1504 1968 raro

251 2008 304 2068 diu
338 2006 369 2068 in
394 2005 565 2086 provinciis
588 2015 798 2082 morarentur,
832 2008 944 2070 urbani
967 2008 1119 2072 sermonis
1142 2027 1240 2091 prope
1264 2008 1354 2070 obliti
1377 2015 1506 2069 suntet

251 2127 356 2170 eorum
392 2126 511 2189 quoque
545 2108 647 2170 oratio
682 2109 834 2190 quendam
869 2109 961 2190 quasi
983 2110 1118 2173 colorem
1140 2109 1339 2191 peregrinum
1364 2108 1504 2172 traxite

251 2208 490 2292 provincialium
515 2209 738 2272 consuetudine
762 2210 907 2306 dicendi..
938 2210 1023 2282 Quid
1046 2210 1245 2274 recitationes
1272 2210 1349 2282 illa,
1372 2211 1410 2272 de
1433 2209 1505 2291 qui·

250 2313 308 2374 bus
331 2329 426 2392 supra
448 2328 508 2371 nou
533 2308 611 2370 nihil
636 2310 716 2383 dixi,
739 2320 890 2393 quantum
915 2313 1080 2375 effecerint
1101 2313 1142 2374 ad
1165 2312 1339 2375 orationem
1362 2330 1505 2374 eorrum-

250 2415 405 2497 pendam‚
428 2411 496 2492 quis
520 2419 568 2472 est
590 2411 663 2493 quin
687 2411 788 2474 sciat?
832 2412 941 2476 Vanas
965 2414 1046 2476 enim
1070 2414 1177 2476 laudes
1194 2419 1350 2476 sectantes
1366 2412 1504 2492 scripto·

250 2537 300 2580 res
324 2532 469 2594 magnam
493 2512 638 2575 solebant
660 2513 831 2577 amicorum
857 2514 1089 2577 multitudinem
1112 2533 1299 2587 convocare,
1327 2520 1363 2574 ut
1384 2513 1504 2594 scripta

251 2638 308 2680 sua
330 2635 412 2696 saepe
436 2609 538 2676 miuus
561 2615 701 2694 perfecta
723 2615 863 2696 legerent
884 2635 941 2698 per
962 2616 1096 2698 speciem
1118 2616 1244 2696 quidem
1268 2616 1309 2677 ad
1332 2614 1503 2677 amicorum

247 2718 378 2799 judicia,
400 2735 468 2797 quse
492 2716 705 2796 displicerent,
728 2717 933 2792 emendandi,
956 2737 989 2779 re
1012 2725 1202 2778 veraautem
1219 2717 1297 2778 nihil
1313 2715 1399 2777 aliud
1415 2735 1503 2796 spec·

250 2828 365 2892 tautes,
389 2817 449 2880 uisi
471 2825 506 2879 ut
528 2816 653 2898 ingenia
676 2836 732 2878 sua
755 2826 951 2881 ostentarent
962 2837 998 2879 ao
1017 2819 1144 2900 plausus
1160 2817 1371 2898 clamoresque
1387 2835 1505 2892 eorum,

250 2921 303 3005 qui
327 2919 517 2992 audiebant,
541 2917 724 2981 excitarent.
768 2919 824 2980 Ille
841 2919 965 3001 quidem
983 2938 1049 2982 mos
1066 2919 1173 2981 libera
1191 2938 1312 3000 quoque
1325 2916 1505 2998 reipublicae

249 3020 446 3104 temporibus
468 3019 610 3100 vigebat,
632 3027 699 3080 tum
722 3038 795 3080 vero
819 3022 901 3102 apud
924 3039 1042 3102 paucos
1065 3020 1300 3082 existimatores
1323 3018 1505 3099 intelligen-

250 3132 299 3186 tes
321 3130 416 3204 atque
439 3121 636 3200 incorruptos
660 3120 811 3200 opuscula
833 3141 889 3184 sua
901 3121 1049 3201 legebant
1067 3120 1253 3201 scriptores,
1277 3127 1322 3193 ut,
1337 3126 1505 3200 antequam

252 3225 432 3303 vulgarent,
465 3220 618 3303 quidquid
640 3221 672 3281 in
696 3221 737 3282 iis
759 3240 889 3302 pravum
913 3222 1087 3294 videretur,
1120 3221 1327 3301 corrigerent,
1350 3219 1409 3282 hac
1429 3238 1504 3282 vero

250 3333 343 3390 aetate
365 3344 425 3386 nou
450 3331 519 3386 erat
540 3321 702 3385 insolitum
728 3324 868 3384 mercede
884 3324 1054 3386 conductos
1076 3322 1239 3402 plausores
1255 3321 1296 3382 ad
1312 3319 1504 3383 audiendum

251 3426 401 3489 adhibere
434 3443 494 3486 non
527 3423 628 3485 solum
662 3425 694 3484 in
727 3423 902 3496 auditoria,
940 3425 996 3487 sed
1030 3423 1125 3486 etiarn
1158 3424 1190 3485 in
1225 3419 1386 3504 forum1).
1441 3421 1506 3484 Ta-

250 3528 334 3591 libus
368 3536 469 3588 autem
500 3524 772 3586 existimatoribus
796 3525 895 3606 magis
918 3525 1045 3587 inflatas
1068 3534 1162 3606 atque
1185 3524 1321 3587 insulsas
1344 3521 1506 3584 declama-

250 3631 352 3691 tiones
386 3645 475 3708 quam
509 3625 630 3704 integre
664 3633 695 3687 et
717 3626 898 3707 incorrupte
925 3627 1045 3706 scripta
1067 3625 1235 3706 placuisse,
1258 3624 1355 3688 nolite
1379 3621 1505 3696 mirari,

251 3738 346 3812 atque
381 3728 412 3790 in
445 3725 509 3788 illis
538 3725 662 3807 quidem
688 3726 927 3789 recitationibus
951 3727 1121 3790 latissimus
1145 3746 1273 3806 campus
1296 3724 1428 3806 patebat
1450 3725 1505 3786 de·

252 3827 436 3894 clamatorio
458 3827 506 3888 illi
528 3836 683 3908 argentea
705 3827 809 3888 aetatis
832 3815 958 3908 proprio
981 3827 1087 3909 generi
1110 3826 1243 3890 dicendi.

334 3928 475 3993 Luxuria
508 3935 611 3989 autem
646 3926 731 3989 illius
759 3929 864 3990 aetatis
889 3928 998 3992 mirum
1022 3937 1173 4011 quantum
1196 3926 1297 3988 valuit
1319 3927 1360 3988 ad
1383 3924 1505 3988 oratio·

254 4034 301 4095 nis
331 4032 395 4094 vim
424 4029 664 4108 infringendam.
708 4028 790 4090 Nam
819 4049 887 4092 oum
919 4049 958 4092 ex
981 4036 1048 4093 toto
1069 4038 1219 4090 terrarum
1246 4026 1321 4088 orbe
1347 4026 1504 4088 immensae

253 4134 373 4197 divitiae
405 4132 537 4194 Romam
574 4138 680 4190 essent
712 4140 882 4210 congesta,
916 4131 1037 4192 deliciis
1065 4149 1099 4191 se
1129 4128 1282 4190 dederuut
1310 4126 1449 4189 Romani
1473 4134 1506 4188 et

252 4233 485 4317 voluptatibus,
518 4230 629 4311 quibus
658 4230 755 4293 animi
782 4232 862 4294 adeo
884 4231 995 4294 molliti
1019 4237 1093 4292 sunt
1115 4235 1147 4290 et
1169 4227 1360 4301 effeminati,
1394 4227 1449 4290 vix
1471 4235 1506 4300 ut

253 4337 363 4399 credas
386 4336 443 4397 hos
464 4333 625 4395 Romanos
649 4351 735 4405 esse,
768 4341 853 4395 ortos
876 4331 1003 4395 abillis
1027 4328 1214 4408 majoribus,
1241 4347 1371 4408 quorum
1395 4347 1504 4389 assue-

252 4436 336 4500 veris
369 4433 520 4497 admirari
553 4432 796 4507 continentiam,
830 4431 1057 4503 constantiam,
1097 4429 1320 4509 frugalitatem.
1380 4427 1443 4490 Sed
1476 4427 1503 4488 si

342 4648 361 4724 ¹)
385 4653 417 4718 2.
443 4656 488 4709 14.
