3264 5332
405 458 445 511 De
468 459 528 512 viba
548 459 577 512 eb
598 455 753 512 elocutione
774 455 803 511 0.
827 457 911 512 Plinii
932 456 1034 512 Oaecilii
1055 453 1182 511 Secundi.
1384 449 1419 507 ll

174 625 325 705 sapientia
346 625 446 687 omnia
467 633 639 705 regerentur
659 637 690 690 et
711 637 967 692 conservarentur.
1000 626 1077 698 Qua·
1092 627 1244 709 persuasio
1264 624 1323 688 illis
1344 633 1422 687 tem·

174 726 296 806 poribus
327 727 403 788 satis
436 745 505 788 rara
532 736 597 788 erat
624 749 660 791 ac
681 731 780 809 potins
802 750 840 791 ea
864 731 962 810 opinio
986 730 1173 809 pervulgata,
1206 747 1254 791 res
1276 726 1423 788 humanas

174 827 230 888 diis
257 847 335 890 curae
362 846 420 888 non
449 847 514 889 esse
539 831 698 911 omniaque
721 832 784 892 fato
807 832 933 912 quodam
957 841 988 892 et
1008 831 1129 893 incertis
1152 831 1279 892 sortunae
1301 827 1422 888 casibus

173 928 385 990 administrari.
442 927 573 989 Plinium
607 940 713 993 contre
745 951 815 993 vera
847 933 960 1012 pietate
988 931 1160 1012 sinceraque
1182 913 1253 1010 erga
1282 930 1353 991 deos
1375 949 1423 990 re-

174 1028 306 1090 verentia
334 1029 481 1091 imbutum
511 1028 599 1091 luisse
633 1051 729 1092 nonne
763 1033 954 1094 manifestum
988 1041 1033 1094 est
1054 1052 1092 1094 ex
1113 1051 1165 1102 eo,
1198 1030 1277 1113 quod
1293 1030 1422 1090 deorum

172 1150 261 1210 opera
284 1130 440 1191 fundatam
463 1129 633 1192 libertatem
656 1152 721 1193 esse
744 1130 867 1216 dixin),
889 1133 966 1213 quod
984 1133 1085 1195 multis
1100 1133 1171 1194 locis
1186 1132 1328 1212 pietatem
1344 1130 1422 1189 Tra-

168 1231 232 1310 jaoi
256 1229 429 1310 simpliciter
455 1229 641 1315 celebrate),
674 1234 752 1314 quod
774 1234 939 1295 sententias
961 1234 1136 1313 pronuntiat
1158 1253 1194 1295 ne
1216 1231 1421 1294 Christianam

172 1331 290 1413 quidem
314 1330 485 1410 religionem
502 1333 658 1410 profitente
674 1333 791 1395 homine
806 1333 951 1412 indignas,
970 1334 1066 1396 velut:
1090 1333 1327 1394 '’Auinradverto
1343 1331 1422 1392 euim

171 1432 261 1492 etiam
294 1433 364 1493 deos
398 1430 478 1511 ipsos
505 1452 563 1492 non
592 1443 653 1494 tam
677 1435 825 1496 accuratis
848 1433 1038 1496 adorantium
1062 1434 1201 1515 precibus
1223 1453 1312 1514 quam
1335 1431 1422 1493 inno-

172 1533 270 1594 centia
292 1541 322 1594 et
343 1532 506 1594 sanctitate
529 1532 634 1607 laetari,
655 1535 871 1617 gratioremque
894 1532 1070 1610 existimari,
1097 1535 1147 1616 qui
1170 1534 1299 1597 delubris
1321 1553 1422 1594 eorum

171 1653 274 1713 puram
297 1640 471 1714 castamque
494 1644 638 1708 mentem,
671 1655 760 1716 quam
786 1637 835 1717 qui
863 1636 1036 1697 meditatum
1065 1655 1184 1699 carmen
1211 1633 1363 1697 intulerit'’
1381 1631 1421 1717 ³).

170 1734 373 1796 Vehementer
394 1743 492 1796 tamen
516 1745 667 1809 errarunt,
694 1736 744 1818 qui
766 1736 903 1799 arbitrati
924 1747 1012 1811 sunt,
1035 1737 1165 1800 Plinium
1188 1736 1265 1796 clam
1287 1734 1422 1813 religioni

170 1835 348 1897 Christianae
370 1834 462 1896 fuisse
490 1836 657 1908 addictum,
690 1837 938 1917 quemadmodum
964 1838 1075 1917 injuste
1105 1839 1250 1910 lecerunt,
1283 1835 1332 1917 qui
1358 1835 1423 1896 Pli-

171 1935 250 1996 nium
282 1935 506 2016 vituperarent,
537 1939 614 2018 quod
648 1939 781 2017 neglecta
808 1939 950 2020 aequitate
972 1940 1131 2020 innataque
1154 1936 1310 1999 clementia
1331 1945 1422 1997 exuta

169 2056 223 2116 pro
255 2045 381 2117 praetore
411 2037 441 2097 in
475 2037 649 2120 Bithyniam
673 2058 691 2100 a
712 2039 843 2118 Trojano
870 2040 979 2101 missus
1002 2039 1158 2101 crudeliter
1178 2037 1208 2098 in
1230 2037 1421 2099 Christianos

169 2137 344 2199 consuleret.
384 2138 425 2198 Hi
447 2138 525 2199 enim
548 2141 639 2219 plane
661 2140 795 2219 ignorare
819 2141 966 2212 videntur,
989 2160 1079 2222 quam
1094 2139 1211 2202 civitati
1226 2139 1420 2218 periculosam

169 2258 271 2299 omnes
294 2239 352 2300 iere
378 2237 508 2300 Romani
529 2239 579 2302 illo
601 2249 734 2319 tempore
757 2241 994 2303 existimaverint
1015 2238 1307 2322 ''superstitionem'’‚
1332 2258 1420 2319 quarn

171 2339 333 2412 vocabant,
366 2339 620 2416 Christianorum,
654 2342 704 2422 qui
733 2352 853 2421 propter
878 2342 1080 2404 clandestinos
1108 2352 1224 2413 coetus,
1257 2339 1422 2421 dequibus

169 2438 358 2519 supradixi,
386 2453 475 2501 eraut
500 2441 631 2521 suspecti
654 2462 708 2503 nec
731 2462 797 2503 raro
819 2463 885 2504 cum
907 2442 1021 2506 Judaeis
1044 2442 1193 2504 seditiosis
1214 2455 1245 2503 et
1267 2441 1421 2502 turbulen-

169 2541 219 2600 tis·
242 2540 279 2601 ob
313 2560 435 2621 eamque
467 2560 587 2604 causam
617 2542 720 2604 invisis
742 2543 1009 2607 confundebantur.
1053 2545 1166 2623 Magna
1187 2550 1289 2604 autem
1310 2541 1363 2602 illa
1385 2542 1420 2602 de

169 2640 199 2701 vi
231 2649 263 2702 et
293 2641 427 2721 potentia
459 2643 581 2704 deorum
605 2643 633 2704 in
657 2644 745 2705 rebus
767 2645 905 2706 humanis
927 2644 1025 2724 opinio
1047 2644 1177 2706 Plinium
1201 2661 1420 2724 nonnumquam

169 2743 207 2802 ad
235 2742 389 2803 ridiculam
422 2751 452 2802 et
478 2743 588 2805 anilem
614 2745 854 2825 superstitionem
882 2745 1023 2819 adduxit,
1056 2765 1144 2828 quam
1171 2764 1207 2826 ne
1232 2744 1327 2806 celare
1354 2743 1421 2825 qui·

170 2843 236 2903 dem
260 2852 394 2918 conatur,
416 2844 467 2905 sed
490 2845 690 2925 compluribus
712 2846 784 2907 locis
807 2847 998 2908 manifestam
1022 2845 1143 2929 facim).

252 2943 314 3006 Sed
340 2944 377 3004 ad
405 2963 467 3004 rem
490 2946 652 3008 redeamus.
696 2946 811 3008 Plinius
833 2948 933 3026 igitur,
955 2968 1022 3010 cum
1044 2957 1153 3010 natura
1174 2954 1237 3008 tam
1261 2947 1421 3008 benevolus

169 3054 261 3117 esset,
289 3053 323 3105 ut
344 3045 370 3104 ei
394 3045 520 3106 fortasse
543 3066 599 3107 non
623 3046 731 3126 injuria
761 3048 880 3109 nimiam
904 3049 995 3110 animi
1018 3047 1174 3111 mollitiam
1197 3047 1422 3128 exprobrarint,

169 3145 253 3205 mitia
278 3143 396 3207 omuino
419 3146 456 3206 de
479 3147 630 3208 homiuum
653 3148 801 3210 erroribus
824 3149 964 3231 vitiisque
984 3149 1095 3229 judicia
1119 3149 1263 3221 faciebat,
1295 3168 1419 3230 eumque

170 3245 332 3325 ”optimum
355 3254 385 3306 et
408 3248 679 3310 emendatissimum
703 3251 846 3329 putabat,
868 3250 917 3331 qui
939 3251 1046 3312 ceteris
1069 3251 1112 3313 ita
1134 3250 1316 3330 ignosceret,
1339 3259 1420 3311 tam-

169 3365 257 3426 quam
279 3346 344 3425 ipse
367 3346 498 3428 quotidie
518 3349 673 3429 peccaret”
686 3348 727 3434 ⁵).
770 3351 877 3433 Neque
899 3361 999 3412 tamen
1023 3372 1080 3413 non
1103 3351 1264 3413 excanduit
1284 3351 1346 3424 ira,
1369 3351 1420 3412 ubi
1449 3385 1457 3412 ι

169 3446 279 3508 humile
301 3446 428 3528 aliquid,
451 3455 552 3529 turpe,
575 3451 690 3512 foedum
716 3451 846 3514 videbat.
883 3452 1069 3532 Implacabili
1092 3453 1170 3513 enim
1192 3452 1260 3514 odio
1275 3452 1420 3530 iugenua-

169 3566 224 3628 que
245 3547 449 3626 indignatione
471 3549 608 3613 incensus
631 3553 809 3632 nequitiam,
830 3553 1056 3633 impudentiam,
1077 3553 1298 3634 improbitatem
1314 3552 1421 3632 Reguli

168 3648 340 3728 perstringit
352 3647 398 3731 ΙΙ),
431 3648 522 3711 libere
547 3651 695 3713 invehitur
717 3652 747 3715 in
769 3654 941 3716 Pallantem
965 3664 995 3715 et
1017 3654 1204 3716 adulationes
1227 3653 1351 3716 humiles
1372 3673 1420 3714 se-

168 3759 257 3809 natus
285 3750 409 3829 corripit
421 3749 466 3831 7),
498 3751 608 3813 acriter
628 3753 789 3815 avaritiam
811 3775 874 3817 suae
896 3755 996 3818 aetatis
1018 3764 1050 3817 et
1070 3754 1202 3836 pecuniae
1224 3754 1419 3834 cupiditatem

168 3848 321 3929 vituperat
329 3849 372 3934 8),
395 3849 500 3911 acerbe
522 3852 712 3931 reprehendit
731 3854 917 3917 insolentiam
940 3865 971 3917 et
992 3857 1209 3919 contumaciam
1228 3855 1370 3934 juvenum
1379 3850 1420 3938 θ).

251 3951 354 4032 Neque
377 3969 447 4011 vero
469 3949 598 4026 Plinius,
621 3953 739 4015 etiamsi
762 3957 979 4018 concedendum
1003 3967 1049 4020 est
1070 3958 1171 4020 multis
1185 3966 1215 4018 et
1230 3954 1343 4034 magnis
1358 3954 1421 4015 vir-

168 4050 282 4112 tutibus
303 4051 448 4132 insignem
472 4051 571 4125 luisse,
594 4052 675 4115 vitiis
698 4063 729 4116 et
750 4057 897 4119 erroribus
920 4059 1058 4121 vacabat.
1102 4057 1200 4121 Nimis
1222 4055 1298 4117 euim
1320 4053 1420 4134 gloriae

169 4151 291 4230 cupidus
324 4152 469 4215 obnoxius
501 4162 566 4216 erat
599 4154 728 4216 vanitati
756 4164 787 4218 et
805 4157 963 4236 jactationi
986 4159 1112 4222 honesto
1134 4158 1198 4220 viro
1219 4166 1250 4219 et
1270 4155 1420 4218 constant'

169 4250 307 4332 indignis.
340 4253 419 4316 Nam
434 4261 629 4337 praeterquam
646 4256 724 4337 quod
737 4256 802 4340 ipse
818 4259 1048 4324 munificentiam
1064 4279 1148 4322 suam
1164 4266 1196 4320 et
1210 4256 1356 4321 beneficia
1371 4276 1422 4319 ce-

170 4397 366 4408 -—-—-—

220 4486 244 4553 Ι)
266 4489 375 4546 Pauli.
477 4490 500 4559 ²)
523 4497 588 4550 Pan.
604 4493 652 4548 52.
756 4487 778 4559 ³)
800 4497 865 4550 Pau.
881 4497 908 4550 3.
1017 4491 1040 4560 ⁴)
1067 4496 1157 4559 1‚18.
1183 4497 1211 4560 5,
1228 4495 1256 4559 5,
1273 4495 1300 4550 5.
1325 4495 1352 4559 7,
1370 4495 1418 4550 22.

215 4568 238 4637 ⁵)
261 4575 288 4639 8,
313 4576 362 4640 22,
387 4579 414 4635 2.
547 4573 570 4645 ⁶)
597 4584 621 4643 l,
645 4580 671 4635 5.
696 4581 723 4643 2,
748 4581 796 4636 20.
820 4583 848 4646 4,
873 4583 899 4637 2.
922 4583 951 4647 4,
975 4583 1003 4637 ’1.
1140 4576 1161 4648 ²)
1185 4584 1213 4647 8,
1237 4583 1263 4639 6.

216 4653 238 4726 ⁸)
262 4663 290 4727 9,
314 4663 364 4728 30,
387 4664 414 4721 4.
547 4660 571 4733 9)
594 4666 622 4732 8,
647 4667 697 4732 23,
722 4668 748 4724 3.
