3264 5332
314 467 354 521 De
376 467 436 522 vite
458 470 486 523 et
508 466 664 522 elocutione
686 465 715 522 0.
739 467 823 521 Plinii
845 465 948 523 Gaecilii
969 465 1095 521 Secundi.
1294 467 1332 520 83

62 637 104 709 2,
126 636 178 711 21,
201 636 257 718 50)
285 640 321 700 10
351 638 434 701 curia
455 639 710 720 Syracusanorum
733 638 860 713 dictum,
897 658 1020 713 moneo,
1053 657 1131 700 0000
1152 637 1181 698 10
1204 636 1334 698 editione

61 737 191 799 Klotzii
213 738 283 818 legi:
311 738 427 810 ”Quem
450 740 546 802 locum
568 741 610 803 illi
632 737 854 824 βουλευτηρίου
876 741 995 801 nomine
1017 738 1201 819 appellant'',
1232 738 1335 818 graecis

60 837 185 900 litteris
206 839 363 919 scriptum.

158 936 418 1024 Cryptoporticus,
441 940 524 1020 cujus
547 943 626 1005 vocis
648 943 728 1022 prior
749 962 818 1023 pars
841 961 957 1020 graecae,
979 940 1128 1022 posterior
1150 941 1252 1000 latinae
1275 937 1336 1000 ori-

57 1039 152 1119 ginis
176 1052 238 1116 est,
272 1042 352 1120 apud
374 1041 504 1104 Plinium
525 1042 677 1122 significat
701 1042 850 1128 porticum
874 1042 1007 1124 undique
1036 1050 1140 1105 tectam
1163 1050 1193 1102 et
1226 1060 1245 1101 a
1272 1040 1335 1101 0010

57 1149 238 1215 remotam,
271 1143 323 1204 ubi
355 1144 590 1223 refrigerationis
623 1163 716 1206 cause
749 1144 858 1205 morari
889 1143 1035 1205 solebant.
1089 1139 1335 1226 Cryptoporticus

56 1261 168 1322 prope
190 1243 303 1323 publici
325 1245 423 1323 operis
445 1245 619 1307 extenditur
644 1246 673 1320 2,
695 1239 742 1320 17,
768 1239 879 1307 16.17.
904 1242 951 1307 19.
974 1243 1024 1304 20.
1047 1242 1076 1317 5,
1093 1242 1122 1316 6,
1138 1238 1188 1306 27.
1210 1241 1261 1304 28.
1284 1241 1333 1305 29.

57 1343 123 1404 30.
151 1338 184 1417 7,
206 1347 256 1419 21,
278 1347 307 1406 2.
334 1343 370 1418 9,
393 1343 450 1418 36,
471 1347 500 1405 3.
551 1343 659 1430 (Klotz
691 1347 720 1407 in
757 1345 852 1407 lexico
884 1364 938 1406 suo
970 1344 1079 1423 injurie
1111 1343 1215 1406 attulit
1250 1342 1334 1406 Suet.

54 1444 140 1506 Gal.
163 1445 215 1509 59.
258 1445 398 1508 Forsitan
422 1446 598 1526 cogitaverit
624 1448 661 1509 de
688 1447 751 1509 loco
779 1447 830 1508 illo
858 1443 1108 1518 8001110158,
1141 1445 1192 1507 ubi
1214 1444 1334 1524 legitur:

54 1546 127 1609 ”In
150 1546 303 1630 crypta'').
874 1561 875 1564 ’
1334 1553 1338 1561 “

157 1645 306 1710 Cumbulc
327 1644 402 1732 (sicr.
423 1644 513 1731 010),
539 1649 762 1711 substantivum
785 1648 998 1709 deminutivum
1021 1645 1101 1708 vocis
1123 1644 1246 1718 cumbe,
1274 1665 1334 1727 qua

52 1747 138 1828 ipse
172 1749 277 1811 010010
309 1769 382 1811 0000
414 1759 475 1823 001,
507 1750 630 1829 ponitur
662 1751 698 1810 de
731 1747 869 1810 uaricula
891 1749 1030 1830 quadam.
1072 1746 1168 1809 Velut
1188 1744 1333 1810 cumbulis

57 1850 219 1912 onerariis
242 1850 450 1913 adhaerescunt
472 1848 502 1924 8,
524 1850 574 1924 20,
595 1844 625 1912 7.

156 1949 314 2014 Dicuome
335 1948 410 2037 (0111.
432 1949 504 2035 sip.)
527 1952 679 2032 significet
700 1949 890 2036 torpiticuem
911 1951 1023 2014 iactam
1045 1951 1083 2013 ad
1105 1949 1242 2011 homines
1265 1966 1332 2010 cor-

55 2052 268 2132 rumpendos,
290 2054 434 2115 factiones
457 2054 618 2134 parandas,
641 2053 802 2115 seditiones
825 2053 999 2115 movendas.
1042 2052 1159 2113 Vereor
1181 2071 1217 2111 ne
1236 2050 1257 2110 ii
1279 2048 1330 2130 qui

53 2153 153 2214 mille
187 2153 336 2227 homines,
369 2155 518 2217 interdum
545 2154 637 2216 etiam
662 2154 761 2234 plnres
790 2162 901 2216 vocant
934 2155 1052 2216 modum
1081 2153 1223 2215 excedere
1245 2159 1276 2212 et
1297 2149 1328 2212 10

52 2255 200 2335 speciem
222 2248 709 2319 111000010010011010111000101
734 2256 781 2328 10,
805 2253 863 2316 116
885 2250 987 2339 (117),
1009 2255 1038 2316 2.

153 2351 293 2418 Ecclesia
314 2357 435 2437 ponitur
456 2375 509 2436 pro
531 2357 667 2418 concione
688 2357 717 2416 in
740 2356 929 2430 civitatibus,
957 2374 1082 2437 quarum
1108 2351 1328 2416 administratio

51 2457 106 2518 ad
131 2455 307 2519 Graecorum
329 2459 499 2537 reipublicae
521 2458 723 2538 gubernandae
746 2458 872 2519 formam
893 2457 1121 2520 accommodata
1141 2464 1216 2517 erat.
1251 2454 1327 2516 Bule

52 2567 99 2619 et
123 2554 247 2620 ccclesia
268 2560 474 2622 consentiente
499 2559 547 2631 10,
571 2559 630 2620 110
652 2556 757 2644 (111),
781 2560 807 2619 1.

154 2655 282 2721 11100110
314 2661 463 2740 significat
494 2659 601 2742 stipem
633 2657 812 2721 collaticium
844 2659 891 2720 vel
923 2659 1081 2739 pecuniam
1114 2679 1133 2721 a
1165 2657 1327 2720 sodalitate

52 2759 202 2840 quadam
225 2761 262 2822 ad
285 2770 404 2841 egentes
427 2761 547 2822 sodales
565 2761 715 2840 juvandos
737 2761 892 2834 collatam,
914 2761 959 2822 ita
980 2769 1081 2822 tamen
1097 2767 1145 2834 ut,
1167 2759 1326 2839 siquando

55 2861 193 2923 fortuna
221 2863 369 2941 egentium
398 2868 583 2924 commutata
604 2869 698 2935 esset,
730 2870 885 2942 acceptam
907 2863 1066 2942 pecuniam
1088 2860 1244 2924 sodalitati
1265 2859 1327 2920 sol-

55 2970 184 3024 verent.
227 2962 341 3025 Datum
369 2963 441 3037 mihi
469 2963 600 3025 libellum
629 2964 668 3023 ed
694 2982 801 3024 erectos
828 2963 1025 3042 pertinentem
1054 2963 1100 3024 his
1123 2963 1229 3023 litteris
1252 2961 1326 3020 sub-

46 3062 125 3139 jeci
160 3062 208 3136 10,
230 3061 270 3124 92
291 3061 374 3148 (93).
407 3061 740 3145 (0101111001
771 3063 848 3126 11010
871 3064 1050 3126 vocabulum
1082 3063 1186 3142 graecis
1214 3059 1325 3124 litteris

56 3163 214 3243 scriptum
238 3163 311 3249 001).
467 3245 469 3252 Α

152 3261 381 3328 Heliocomiuus
413 3265 533 3346 proprie
558 3265 705 3347 significat
726 3267 875 3328 fornacem
897 3265 954 3327 soli
976 3265 1147 3338 adversam,
1169 3263 1223 3325 sed
1244 3262 1325 3343 apud

57 3365 201 3426 Plinium
233 3365 276 3429 sic
309 3367 418 3429 dicitur
449 3366 617 3430 cubiculum
649 3389 768 3432 camera
796 3376 914 3440 tectum,
937 3366 1014 3448 quod
1038 3365 1168 3447 undique
1191 3364 1324 3444 exceptis

56 3466 139 3528 solis
173 3467 265 3528 radiis
299 3468 427 3530 calebat.
470 3470 506 3531 In
540 3469 596 3532 1100
625 3466 746 3554 (diaeta)
778 3466 989 3532 heliocaminus
1010 3467 1072 3531 alia
1091 3476 1230 3551 xystum,
1263 3465 1325 3528 alie

59 3586 168 3643 mare,
191 3576 317 3650 utraque
342 3570 433 3630 solem
455 3571 600 3651 prospicit
621 3572 650 3646 2,
676 3564 724 3645 17,
746 3571 795 3632 20.
818 3568 927 3654 (Dig.).

152 3665 291 3731 Hetoeria
323 3666 398 3755 (circ.
419 3669 491 3754 sip.)
524 3671 642 3752 proprie
670 3672 817 3751 significat
837 3671 917 3732 idem
939 3672 1017 3746 iere,
1050 3671 1128 3752 quod
1151 3667 1323 3748 collegium,
1379 3659 1380 3664 ’

63 3768 228 3844 sodalitas,
250 3772 389 3846 societas,
411 3773 463 3834 sed
485 3791 552 3833 cum
575 3771 705 3834 hetaeriae
727 3781 757 3833 et
778 3791 856 3852 saepe
878 3782 977 3835 essent
999 3783 1029 3834 et
1043 3771 1152 3833 saltem
1168 3759 1324 3832 crederen-

66 3878 120 3931 tur
144 3870 292 3933 institutae
318 3874 356 3936 01
383 3873 632 3954 tranquillitatem
660 3872 792 3934 civitatis
820 3873 1002 3935 turbandam
1024 3881 1055 3934 01
1076 3872 1239 3934 seditiones
1261 3869 1323 3931 dis-

68 3971 280 4047 seminandas,
313 3974 458 4036 Romanis
492 3982 578 4035 01001
609 3982 770 4053 suspectae,
802 3974 994 4054 quamobrem
1022 3975 1051 4036 in
1075 3973 1184 4034 malam
1206 3977 1322 4050 partem

69 4089 129 4133 vox
151 4074 230 4153 apud
252 4073 381 4137 Plinium
404 4083 449 4137 est
471 4073 652 4154 accipienda.
684 4073 855 4138 Secundum
878 4077 1022 4137 mandata
1042 4071 1245 4136 tuatetcrr'as
1258 4089 1322 4132 esse

71 4179 222 4236 vetueram
247 4175 295 4249 10,
316 4174 356 4238 96
378 4170 460 4260 (97),
482 4169 511 4238 7.
609 4187 610 4190 ’

153 4272 298 4356 Idpllium
331 4284 433 4338 notum
465 4276 537 4339 illud
570 4295 661 4356 genus
692 4276 857 4340 carminum
883 4277 1040 4358 significat.
1083 4273 1155 4338 Sive
1175 4273 1323 4354 epigram-

73 4383 154 4436 mate
175 4375 241 4437 sive
263 4374 371 4461 tdpttta
391 4396 500 4439 vocare
522 4376 663 4441 malueris
685 4378 714 4451 4,
738 4377 786 4452 14,
808 4376 837 4440 9.

153 4474 291 4559 Lpristes
312 4479 432 4553 dicitur,
453 4480 502 4559 qni
524 4480 589 4562 lyra
614 4479 740 4542 canendi
762 4480 876 4560 peritus
897 4488 953 4541 est.
996 4477 1143 4541 Audisses
1164 4475 1322 4537 comoedos

75 4577 118 4639 vel
142 4579 280 4642 lectorem
308 4581 355 4643 vel
377 4579 499 4663 lyristen
523 4582 551 4656 1,
575 4582 623 4657 15,
645 4585 675 4645 2.
696 4581 726 4658 9,
751 4576 797 4657 17,
818 4583 847 4644 3.
870 4581 899 4654 9,
922 4573 972 4653 36,
993 4580 1022 4642 4.
1044 4577 1075 4654 9,
1095 4580 1146 4653 40,
1167 4581 1197 4642 2.

152 4679 348 4745 Mesochoros
379 4682 496 4764 proprie
522 4684 632 4747 dicitur
653 4683 797 4765 magister
817 4681 899 4745 chori
920 4691 952 4744 01
973 4669 1045 4756 dux,
1067 4682 1119 4764 qui
1139 4683 1244 4744 modos
1265 4700 1322 4742 nu·
