<?xml version="1.0" encoding="UTF-8"?>
<!DOCTYPE html PUBLIC "-//W3C//DTD XHTML 1.0 Transitional//EN"
    "http://www.w3.org/TR/xhtml1/DTD/xhtml1-transitional.dtd">
<html xmlns="http://www.w3.org/1999/xhtml" xml:lang="en" lang="en">
 <head>
  <title>
</title>
<meta http-equiv="Content-Type" content="text/html;charset=utf-8" />
  <meta name='ocr-system' content='tesseract 3.04.00' />
  <meta name='ocr-capabilities' content='ocr_page ocr_carea ocr_par ocr_line ocrx_word'/>
</head>
<body>
  <div class='ocr_page' id='page_1' title='image "./devitaetelocuti00lagegoog_0063.png"; bbox 0 0 3264 5332; ppageno 0'>
   <div class='ocr_carea' id='block_1_1' title="bbox 296 429 1052 504">
    <p class='ocr_par' dir='ltr' id='par_1_1' title="bbox 296 429 1052 504">
     <span class='ocr_line' id='line_1_1' title="bbox 296 429 1052 504; baseline 0.001 -18"><span class='ocrx_word' id='word_1_1' title='bbox 296 431 335 487; x_wconf 88' lang='grc'><strong>56</strong></span> <span class='ocrx_word' id='word_1_2' title='bbox 783 432 809 485; x_wconf 90' lang='lat' dir='ltr'><strong>J.</strong></span> <span class='ocrx_word' id='word_1_3' title='bbox 832 430 863 485; x_wconf 92' lang='lat' dir='ltr'><strong>P.</strong></span> <span class='ocrx_word' id='word_1_4' title='bbox 886 429 1052 504; x_wconf 79' lang='lat' dir='ltr'><strong>Lagergren.</strong></span> 
     </span>
    </p>
   </div>
   <div class='ocr_carea' id='block_1_2' title="bbox 289 603 1543 2502">
    <p class='ocr_par' dir='ltr' id='par_1_2' title="bbox 296 603 1543 1089">
     <span class='ocr_line' id='line_1_2' title="bbox 379 603 1542 686; baseline 0 -18"><span class='ocrx_word' id='word_1_5' title='bbox 379 604 440 668; x_wconf 90' lang='lat' dir='ltr'><strong>Sed</strong></span> <span class='ocrx_word' id='word_1_6' title='bbox 463 604 545 678; x_wconf 88' lang='lat' dir='ltr'><strong>illua,</strong></span> <span class='ocrx_word' id='word_1_7' title='bbox 569 603 648 666; x_wconf 92' lang='lat' dir='ltr'><strong>unde</strong></span> <span class='ocrx_word' id='word_1_8' title='bbox 661 603 820 666; x_wconf 86' lang='lat' dir='ltr'><strong>aberravit</strong></span> <span class='ocrx_word' id='word_1_9' title='bbox 835 603 952 676; x_wconf 88' lang='lat' dir='ltr'><strong>oratio,</strong></span> <span class='ocrx_word' id='word_1_10' title='bbox 974 611 1132 678; x_wconf 87' lang='lat' dir='ltr'><strong>revertar,</strong></span> <span class='ocrx_word' id='word_1_11' title='bbox 1153 623 1191 666; x_wconf 91' lang='lat' dir='ltr'><strong>ao</strong></span> <span class='ocrx_word' id='word_1_12' title='bbox 1205 603 1352 684; x_wconf 88' lang='lat' dir='ltr'><strong>primam,</strong></span> <span class='ocrx_word' id='word_1_13' title='bbox 1376 623 1445 686; x_wconf 80' lang='lat' dir='ltr'><strong>qum</strong></span> <span class='ocrx_word' id='word_1_14' title='bbox 1461 625 1542 668; x_wconf 88' lang='lat' dir='ltr'><strong>nova</strong></span> 
     </span>
     <span class='ocr_line' id='line_1_3' title="bbox 296 704 1542 787; baseline 0.001 -20"><span class='ocrx_word' id='word_1_15' title='bbox 296 705 373 768; x_wconf 84' lang='lat' dir='ltr'><strong>feeit</strong></span> <span class='ocrx_word' id='word_1_16' title='bbox 393 704 515 768; x_wconf 84' lang='lat' dir='ltr'><strong>Plinius</strong></span> <span class='ocrx_word' id='word_1_17' title='bbox 538 705 777 768; x_wconf 86' lang='lat' dir='ltr'><strong>substantivae</strong></span> <span class='ocrx_word' id='word_1_18' title='bbox 800 705 903 767; x_wconf 91' lang='lat' dir='ltr'><strong>verbis</strong></span> <span class='ocrx_word' id='word_1_19' title='bbox 926 705 1033 778; x_wconf 88' lang='lat' dir='ltr'><strong>dueta,</strong></span> <span class='ocrx_word' id='word_1_20' title='bbox 1063 705 1263 778; x_wconf 79' lang='lat' dir='ltr'><strong>enumerabo,</strong></span> <span class='ocrx_word' id='word_1_21' title='bbox 1295 705 1410 768; x_wconf 90' lang='lat' dir='ltr'><strong>deinde</strong></span> <span class='ocrx_word' id='word_1_22' title='bbox 1433 707 1542 787; x_wconf 91' lang='lat' dir='ltr'><strong>quibus</strong></span> 
     </span>
     <span class='ocr_line' id='line_1_4' title="bbox 297 805 1543 887; baseline 0.001 -19"><span class='ocrx_word' id='word_1_23' title='bbox 297 825 395 868; x_wconf 89' lang='lat' dir='ltr'><strong>novas</strong></span> <span class='ocrx_word' id='word_1_24' title='bbox 417 805 662 886; x_wconf 80' lang='lat' dir='ltr'><strong>signifieationes</strong></span> <span class='ocrx_word' id='word_1_25' title='bbox 684 805 848 886; x_wconf 82' lang='lat' dir='ltr'><strong>imposuit,</strong></span> <span class='ocrx_word' id='word_1_26' title='bbox 871 815 936 868; x_wconf 85' lang='lat' dir='ltr'><strong>turn</strong></span> <span class='ocrx_word' id='word_1_27' title='bbox 960 826 1026 887; x_wconf 82' lang='lat' dir='ltr'><strong>qum</strong></span> <span class='ocrx_word' id='word_1_28' title='bbox 1049 807 1078 868; x_wconf 89' lang='lat' dir='ltr'><strong>ei</strong></span> <span class='ocrx_word' id='word_1_29' title='bbox 1101 825 1166 869; x_wconf 89' lang='lat' dir='ltr'><strong>eum</strong></span> <span class='ocrx_word' id='word_1_30' title='bbox 1182 805 1352 886; x_wconf 74' lang='lat' dir='ltr'><strong>equalibus</strong></span> <span class='ocrx_word' id='word_1_31' title='bbox 1369 807 1543 871; x_wconf 87' lang='lat' dir='ltr'><strong>eommunia</strong></span> 
     </span>
     <span class='ocr_line' id='line_1_5' title="bbox 296 905 1543 988; baseline 0.001 -20"><span class='ocrx_word' id='word_1_32' title='bbox 296 915 384 979; x_wconf 86' lang='lat' dir='ltr'><strong>sunt,</strong></span> <span class='ocrx_word' id='word_1_33' title='bbox 407 915 562 986; x_wconf 88' lang='lat' dir='ltr'><strong>postremo</strong></span> <span class='ocrx_word' id='word_1_34' title='bbox 585 926 653 988; x_wconf 85' lang='lat' dir='ltr'><strong>quae</strong></span> <span class='ocrx_word' id='word_1_35' title='bbox 676 927 695 967; x_wconf 89' lang='lat' dir='ltr'><strong>a</strong></span> <span class='ocrx_word' id='word_1_36' title='bbox 711 907 813 987; x_wconf 76' lang='lat' dir='ltr'><strong>poetis</strong></span> <span class='ocrx_word' id='word_1_37' title='bbox 829 906 1042 988; x_wconf 87' lang='lat' dir='ltr'><strong>superioribus</strong></span> <span class='ocrx_word' id='word_1_38' title='bbox 1057 905 1227 988; x_wconf 80' lang='lat' dir='ltr'><strong>assumpsit</strong></span> <span class='ocrx_word' id='word_1_39' title='bbox 1241 925 1372 988; x_wconf 85' lang='lat' dir='ltr'><strong>quaeqne</strong></span> <span class='ocrx_word' id='word_1_40' title='bbox 1388 909 1472 988; x_wconf 87' lang='lat' dir='ltr'><strong>apud</strong></span> <span class='ocrx_word' id='word_1_41' title='bbox 1488 908 1543 971; x_wconf 92' lang='lat' dir='ltr'><strong>Li-</strong></span> 
     </span>
     <span class='ocr_line' id='line_1_6' title="bbox 297 1005 1542 1089; baseline 0.002 -21"><span class='ocrx_word' id='word_1_42' title='bbox 297 1005 390 1079; x_wconf 85' lang='lat' dir='ltr'><strong>vium,</strong></span> <span class='ocrx_word' id='word_1_43' title='bbox 412 1005 607 1078; x_wconf 79' lang='lat' dir='ltr'><strong>Sallustium,</strong></span> <span class='ocrx_word' id='word_1_44' title='bbox 622 1006 712 1082; x_wconf 86' lang='lat' dir='ltr'><strong>elios,</strong></span> <span class='ocrx_word' id='word_1_45' title='bbox 729 1006 783 1089; x_wconf 92' lang='lat' dir='ltr'><strong>qui</strong></span> <span class='ocrx_word' id='word_1_46' title='bbox 799 1007 830 1069; x_wconf 92' lang='lat' dir='ltr'><strong>in</strong></span> <span class='ocrx_word' id='word_1_47' title='bbox 847 1008 954 1070; x_wconf 91' lang='lat' dir='ltr'><strong>eodem</strong></span> <span class='ocrx_word' id='word_1_48' title='bbox 970 1027 1098 1071; x_wconf 89' lang='lat' dir='ltr'><strong>numero</strong></span> <span class='ocrx_word' id='word_1_49' title='bbox 1114 1013 1198 1081; x_wconf 89' lang='lat' dir='ltr'><strong>sunt,</strong></span> <span class='ocrx_word' id='word_1_50' title='bbox 1214 1008 1315 1070; x_wconf 88' lang='lat' dir='ltr'><strong>rarius</strong></span> <span class='ocrx_word' id='word_1_51' title='bbox 1331 1008 1542 1073; x_wconf 88' lang='lat' dir='ltr'><strong>inveniuntur.</strong></span> 
     </span>
    </p>

    <p class='ocr_par' dir='ltr' id='par_1_3' title="bbox 296 1107 1543 1272">
     <span class='ocr_line' id='line_1_7' title="bbox 378 1107 1543 1173; baseline 0.003 -4"><span class='ocrx_word' id='word_1_52' title='bbox 378 1108 454 1170; x_wconf 85' lang='lat' dir='ltr'><strong>Haeo</strong></span> <span class='ocrx_word' id='word_1_53' title='bbox 486 1109 549 1170; x_wconf 85' lang='lat' dir='ltr'><strong>fere</strong></span> <span class='ocrx_word' id='word_1_54' title='bbox 582 1108 783 1171; x_wconf 83' lang='lat' dir='ltr'><strong>substantive</strong></span> <span class='ocrx_word' id='word_1_55' title='bbox 816 1128 835 1170; x_wconf 91' lang='lat' dir='ltr'><strong>a</strong></span> <span class='ocrx_word' id='word_1_56' title='bbox 867 1108 972 1172; x_wconf 88' lang='lat' dir='ltr'><strong>verbis</strong></span> <span class='ocrx_word' id='word_1_57' title='bbox 1001 1109 1093 1173; x_wconf 87' lang='lat' dir='ltr'><strong>dueta</strong></span> <span class='ocrx_word' id='word_1_58' title='bbox 1120 1108 1153 1170; x_wconf 90' lang='lat' dir='ltr'><strong>in</strong></span> <span class='ocrx_word' id='word_1_59' title='bbox 1177 1128 1230 1169; x_wconf 87' lang='lat' dir='ltr'><strong>-us</strong></span> <span class='ocrx_word' id='word_1_60' title='bbox 1251 1117 1278 1170; x_wconf 87' lang='lat' dir='ltr'><strong>et</strong></span> <span class='ocrx_word' id='word_1_61' title='bbox 1298 1107 1344 1170; x_wconf 83' lang='lat' dir='ltr'><strong>-e&#39;o</strong></span> <span class='ocrx_word' id='word_1_62' title='bbox 1367 1110 1543 1172; x_wconf 87' lang='lat' dir='ltr'><strong>desinentia</strong></span> 
     </span>
     <span class='ocr_line' id='line_1_8' title="bbox 296 1207 737 1272; baseline 0.002 -2"><span class='ocrx_word' id='word_1_63' title='bbox 296 1207 417 1270; x_wconf 84' lang='lat' dir='ltr'><strong>Plinius</strong></span> <span class='ocrx_word' id='word_1_64' title='bbox 440 1227 573 1272; x_wconf 83' lang='lat' dir='ltr'><strong>novasse</strong></span> <span class='ocrx_word' id='word_1_65' title='bbox 595 1208 737 1271; x_wconf 88' lang='lat' dir='ltr'><strong>videtur:</strong></span> 
     </span>
    </p>

    <p class='ocr_par' dir='ltr' id='par_1_4' title="bbox 296 1305 1542 1594">
     <span class='ocr_line' id='line_1_9' title="bbox 378 1305 1541 1392; baseline 0.003 -22"><span class='ocrx_word' id='word_1_66' title='bbox 378 1305 510 1371; x_wconf 80' lang='lat' dir='ltr'><strong>Abantes</strong></span> <span class='ocrx_word' id='word_1_67' title='bbox 544 1305 721 1392; x_wconf 69' lang='grc'>(1111111).</span> <span class='ocrx_word' id='word_1_68' title='bbox 765 1310 840 1372; x_wconf 89' lang='lat' dir='ltr'><strong>Gum</strong></span> <span class='ocrx_word' id='word_1_69' title='bbox 875 1309 994 1371; x_wconf 77' lang='lat' dir='ltr'><strong>abactas</strong></span> <span class='ocrx_word' id='word_1_70' title='bbox 1026 1309 1183 1390; x_wconf 85' lang='lat' dir='ltr'><strong>hospitum</strong></span> <span class='ocrx_word' id='word_1_71' title='bbox 1210 1318 1370 1374; x_wconf 79' lang='lat' dir='ltr'><strong>exerceret</strong></span> <span class='ocrx_word' id='word_1_72' title='bbox 1392 1312 1471 1373; x_wconf 89' lang='lat' dir='ltr'><strong>Pan.</strong></span> <span class='ocrx_word' id='word_1_73' title='bbox 1494 1311 1541 1374; x_wconf 87' lang='lat'><strong>20.</strong></span> 
     </span>
     <span class='ocr_line' id='line_1_10' title="bbox 297 1407 1542 1493; baseline 0.002 -23"><span class='ocrx_word' id='word_1_74' title='bbox 297 1407 417 1472; x_wconf 78' lang='lat' dir='ltr'><strong>Gesner</strong></span> <span class='ocrx_word' id='word_1_75' title='bbox 431 1410 669 1493; x_wconf 86' lang='lat' dir='ltr'><strong>interpretatur:</strong></span> <span class='ocrx_word' id='word_1_76' title='bbox 688 1411 903 1492; x_wconf 76' lang='lat' dir='ltr'><strong>&#39;‘angariarum</strong></span> <span class='ocrx_word' id='word_1_77' title='bbox 920 1410 1179 1492; x_wconf 73' lang='lat' dir='ltr'><strong>intemperantem</strong></span> <span class='ocrx_word' id='word_1_78' title='bbox 1194 1411 1416 1474; x_wconf 83' lang='lat' dir='ltr'><strong>exactionem.&#39;’</strong></span> <span class='ocrx_word' id='word_1_79' title='bbox 1433 1409 1542 1492; x_wconf 79' lang='lat' dir='ltr'><strong>Gierip</strong></span> 
     </span>
     <span class='ocr_line' id='line_1_11' title="bbox 296 1507 810 1594; baseline 0.004 -24"><span class='ocrx_word' id='word_1_80' title='bbox 296 1507 396 1572; x_wconf 91' lang='lat' dir='ltr'><strong>looum</strong></span> <span class='ocrx_word' id='word_1_81' title='bbox 419 1517 510 1590; x_wconf 89' lang='lat' dir='ltr'><strong>putat</strong></span> <span class='ocrx_word' id='word_1_82' title='bbox 532 1531 599 1574; x_wconf 88' lang='lat' dir='ltr'><strong>esse</strong></span> <span class='ocrx_word' id='word_1_83' title='bbox 622 1520 810 1594; x_wconf 82' lang='lat' dir='ltr'><strong>corruptum.</strong></span> 
     </span>
    </p>

    <p class='ocr_par' dir='ltr' id='par_1_5' title="bbox 295 1609 1543 1796">
     <span class='ocr_line' id='line_1_12' title="bbox 377 1609 1543 1697; baseline 0.003 -25"><span class='ocrx_word' id='word_1_84' title='bbox 377 1609 536 1674; x_wconf 76' lang='lat' dir='ltr'><strong>Praelatio.</strong></span> <span class='ocrx_word' id='word_1_85' title='bbox 580 1609 1130 1697; x_wconf 69' lang='grc'>(0111111111)11111111111116,</span> <span class='ocrx_word' id='word_1_86' title='bbox 1155 1612 1203 1686; x_wconf 82' lang='lat'><strong>13,</strong></span> <span class='ocrx_word' id='word_1_87' title='bbox 1225 1612 1253 1675; x_wconf 89' lang='lat'><strong>6.</strong></span> <span class='ocrx_word' id='word_1_88' title='bbox 1297 1612 1393 1693; x_wconf 88' lang='lat' dir='ltr'><strong>Apud</strong></span> <span class='ocrx_word' id='word_1_89' title='bbox 1417 1613 1543 1677; x_wconf 82' lang='lat' dir='ltr'><strong>Cicero-</strong></span> 
     </span>
     <span class='ocr_line' id='line_1_13' title="bbox 295 1711 1264 1796; baseline 0.002 -24"><span class='ocrx_word' id='word_1_90' title='bbox 295 1730 363 1772; x_wconf 93' lang='lat' dir='ltr'><strong>nem</strong></span> <span class='ocrx_word' id='word_1_91' title='bbox 387 1712 500 1776; x_wconf 88' lang='lat' dir='ltr'><strong>dieitur</strong></span> <span class='ocrx_word' id='word_1_92' title='bbox 520 1711 667 1796; x_wconf 82' lang='lat' dir='ltr'><strong>prolusio,</strong></span> <span class='ocrx_word' id='word_1_93' title='bbox 691 1714 772 1795; x_wconf 91' lang='lat' dir='ltr'><strong>quod</strong></span> <span class='ocrx_word' id='word_1_94' title='bbox 796 1713 934 1776; x_wconf 91' lang='lat' dir='ltr'><strong>nonnulli</strong></span> <span class='ocrx_word' id='word_1_95' title='bbox 956 1712 1007 1775; x_wconf 89' lang='lat' dir='ltr'><strong>hio</strong></span> <span class='ocrx_word' id='word_1_96' title='bbox 1027 1712 1123 1774; x_wconf 90' lang='lat' dir='ltr'><strong>soribi</strong></span> <span class='ocrx_word' id='word_1_97' title='bbox 1146 1713 1264 1776; x_wconf 87' lang='lat' dir='ltr'><strong>volunt.</strong></span> 
     </span>
    </p>

    <p class='ocr_par' dir='ltr' id='par_1_6' title="bbox 292 1799 1542 2097">
     <span class='ocr_line' id='line_1_14' title="bbox 375 1799 1542 1901; baseline 0 -27"><span class='ocrx_word' id='word_1_98' title='bbox 375 1811 512 1876; x_wconf 79' lang='grc'>1111111111</span> <span class='ocrx_word' id='word_1_99' title='bbox 536 1799 715 1901; x_wconf 67' lang='grc'>(1111111).</span> <span class='ocrx_word' id='word_1_100' title='bbox 758 1813 862 1877; x_wconf 84' lang='lat' dir='ltr'><strong>Simili</strong></span> <span class='ocrx_word' id='word_1_101' title='bbox 889 1822 964 1878; x_wconf 90' lang='lat' dir='ltr'><strong>nutu</strong></span> <span class='ocrx_word' id='word_1_102' title='bbox 992 1833 1029 1875; x_wconf 88' lang='lat' dir='ltr'><strong>ao</strong></span> <span class='ocrx_word' id='word_1_103' title='bbox 1050 1822 1157 1876; x_wconf 85' lang='lat' dir='ltr'><strong>renutu</strong></span> <span class='ocrx_word' id='word_1_104' title='bbox 1179 1815 1367 1894; x_wconf 90' lang='lat' dir='ltr'><strong>respondere</strong></span> <span class='ocrx_word' id='word_1_105' title='bbox 1392 1821 1465 1877; x_wconf 87' lang='lat' dir='ltr'><strong>voto</strong></span> <span class='ocrx_word' id='word_1_106' title='bbox 1489 1821 1542 1876; x_wconf 90' lang='lat' dir='ltr'><strong>tua</strong></span> 
     </span>
     <span class='ocr_line' id='line_1_15' title="bbox 293 1909 1542 1995; baseline 0.002 -21"><span class='ocrx_word' id='word_1_107' title='bbox 293 1930 419 1991; x_wconf 89' lang='lat' dir='ltr'><strong>possum</strong></span> <span class='ocrx_word' id='word_1_108' title='bbox 443 1916 470 1989; x_wconf 93' lang='grc'><strong>1,</strong></span> <span class='ocrx_word' id='word_1_109' title='bbox 493 1909 522 1987; x_wconf 93' lang='grc'>7,</span> <span class='ocrx_word' id='word_1_110' title='bbox 544 1919 571 1979; x_wconf 92' lang='grc'><strong>2.</strong></span> <span class='ocrx_word' id='word_1_111' title='bbox 616 1917 685 1978; x_wconf 90' lang='grc' dir='ltr'><strong>Η11</strong></span> <span class='ocrx_word' id='word_1_112' title='bbox 716 1913 901 1977; x_wconf 83' lang='lat' dir='ltr'><strong>vocabulum</strong></span> <span class='ocrx_word' id='word_1_113' title='bbox 935 1915 1045 1977; x_wconf 90' lang='lat' dir='ltr'><strong>eadem</strong></span> <span class='ocrx_word' id='word_1_114' title='bbox 1077 1913 1109 1975; x_wconf 90' lang='lat' dir='ltr'><strong>vi</strong></span> <span class='ocrx_word' id='word_1_115' title='bbox 1144 1933 1205 1995; x_wconf 90' lang='lat' dir='ltr'><strong>qua</strong></span> <span class='ocrx_word' id='word_1_116' title='bbox 1232 1915 1377 1976; x_wconf 71' lang='lat' dir='ltr'><strong>recusatio</strong></span> <span class='ocrx_word' id='word_1_117' title='bbox 1405 1914 1542 1995; x_wconf 85' lang='lat' dir='ltr'><strong>positam</strong></span> 
     </span>
     <span class='ocr_line' id='line_1_16' title="bbox 292 2013 1541 2097; baseline 0.003 -23"><span class='ocrx_word' id='word_1_118' title='bbox 292 2032 425 2078; x_wconf 91' lang='lat' dir='ltr'><strong>novasse</strong></span> <span class='ocrx_word' id='word_1_119' title='bbox 450 2015 584 2091; x_wconf 90' lang='lat' dir='ltr'><strong>videtur,</strong></span> <span class='ocrx_word' id='word_1_120' title='bbox 606 2025 640 2079; x_wconf 91' lang='lat' dir='ltr'><strong>ut</strong></span> <span class='ocrx_word' id='word_1_121' title='bbox 662 2024 769 2097; x_wconf 87' lang='lat' dir='ltr'><strong>aptum</strong></span> <span class='ocrx_word' id='word_1_122' title='bbox 793 2015 925 2078; x_wconf 90' lang='lat' dir='ltr'><strong>haberet</strong></span> <span class='ocrx_word' id='word_1_123' title='bbox 946 2016 1089 2088; x_wconf 86' lang='lat' dir='ltr'><strong>verbum,</strong></span> <span class='ocrx_word' id='word_1_124' title='bbox 1113 2016 1194 2095; x_wconf 90' lang='lat' dir='ltr'><strong>quod</strong></span> <span class='ocrx_word' id='word_1_125' title='bbox 1217 2013 1344 2078; x_wconf 87' lang='lat' dir='ltr'><strong>&#39;&#39;nutui’&#39;</strong></span> <span class='ocrx_word' id='word_1_126' title='bbox 1361 2023 1541 2096; x_wconf 89' lang='lat' dir='ltr'><strong>opponeret.</strong></span> 
     </span>
    </p>

    <p class='ocr_par' dir='ltr' id='par_1_7' title="bbox 289 2114 1542 2304">
     <span class='ocr_line' id='line_1_17' title="bbox 370 2114 1542 2200; baseline 0 -22"><span class='ocrx_word' id='word_1_127' title='bbox 370 2114 507 2178; x_wconf 81' lang='lat' dir='ltr'><strong>Seruatio</strong></span> <span class='ocrx_word' id='word_1_128' title='bbox 531 2136 586 2200; x_wconf 90' lang='lat' dir='ltr'><strong>pro</strong></span> <span class='ocrx_word' id='word_1_129' title='bbox 609 2115 825 2190; x_wconf 83' lang='lat' dir='ltr'><strong>obseruatione,</strong></span> <span class='ocrx_word' id='word_1_130' title='bbox 847 2115 1033 2178; x_wconf 81' lang='lat' dir='ltr'><strong>obseruantia</strong></span> <span class='ocrx_word' id='word_1_131' title='bbox 1055 2115 1179 2178; x_wconf 84' lang='lat' dir='ltr'><strong>dieitur.</strong></span> <span class='ocrx_word' id='word_1_132' title='bbox 1228 2115 1331 2187; x_wconf 77' lang='lat' dir='ltr'><strong>Quam</strong></span> <span class='ocrx_word' id='word_1_133' title='bbox 1360 2125 1542 2198; x_wconf 85' lang='lat' dir='ltr'><strong>perpetuam</strong></span> 
     </span>
     <span class='ocr_line' id='line_1_18' title="bbox 289 2211 1409 2304; baseline 0.002 -26"><span class='ocrx_word' id='word_1_134' title='bbox 289 2218 487 2278; x_wconf 80' lang='lat' dir='ltr'><strong>servationem</strong></span> <span class='ocrx_word' id='word_1_135' title='bbox 511 2237 612 2280; x_wconf 88' lang='lat' dir='ltr'><strong>meam</strong></span> <span class='ocrx_word' id='word_1_136' title='bbox 635 2218 774 2300; x_wconf 79' lang='lat' dir='ltr'><strong>quaedam</strong></span> <span class='ocrx_word' id='word_1_137' title='bbox 797 2217 969 2280; x_wconf 84' lang='lat' dir='ltr'><strong>necessitas</strong></span> <span class='ocrx_word' id='word_1_138' title='bbox 992 2216 1079 2298; x_wconf 89' lang='lat' dir='ltr'><strong>rapit</strong></span> <span class='ocrx_word' id='word_1_139' title='bbox 1102 2217 1149 2290; x_wconf 89' lang='lat'><strong>10,</strong></span> <span class='ocrx_word' id='word_1_140' title='bbox 1173 2218 1232 2279; x_wconf 92' lang='grc'><strong>120</strong></span> <span class='ocrx_word' id='word_1_141' title='bbox 1255 2211 1358 2304; x_wconf 90' lang='grc'>(121),</span> <span class='ocrx_word' id='word_1_142' title='bbox 1384 2219 1409 2280; x_wconf 93' lang='grc'><strong>1.</strong></span> 
     </span>
    </p>

    <p class='ocr_par' dir='ltr' id='par_1_8' title="bbox 290 2301 1542 2502">
     <span class='ocr_line' id='line_1_19' title="bbox 373 2301 1542 2398; baseline 0.002 -20"><span class='ocrx_word' id='word_1_143' title='bbox 373 2316 598 2381; x_wconf 82' lang='lat' dir='ltr'><strong>Daumoioatas</strong></span> <span class='ocrx_word' id='word_1_144' title='bbox 619 2338 725 2382; x_wconf 84' lang='lat' dir='ltr'><strong>vocem</strong></span> <span class='ocrx_word' id='word_1_145' title='bbox 750 2337 769 2380; x_wconf 89' lang='grc'><strong>1</strong></span> <span class='ocrx_word' id='word_1_146' title='bbox 791 2318 1005 2392; x_wconf 84' lang='lat' dir='ltr'><strong>substantivo,</strong></span> <span class='ocrx_word' id='word_1_147' title='bbox 1040 2301 1134 2398; x_wconf 43' lang='lat' dir='ltr'><strong>quod*</strong></span> <span class='ocrx_word' id='word_1_148' title='bbox 1151 2326 1199 2381; x_wconf 87' lang='lat' dir='ltr'><strong>est</strong></span> <span class='ocrx_word' id='word_1_149' title='bbox 1227 2317 1385 2394; x_wconf 85' lang='lat' dir='ltr'><strong>duumvir,</strong></span> <span class='ocrx_word' id='word_1_150' title='bbox 1418 2319 1542 2382; x_wconf 86' lang='lat' dir='ltr'><strong>dantem</strong></span> 
     </span>
     <span class='ocr_line' id='line_1_20' title="bbox 290 2415 1124 2502; baseline 0.001 -22"><span class='ocrx_word' id='word_1_151' title='bbox 290 2416 411 2480; x_wconf 90' lang='lat' dir='ltr'><strong>Plinius</strong></span> <span class='ocrx_word' id='word_1_152' title='bbox 436 2419 519 2482; x_wconf 82' lang='lat' dir='ltr'><strong>lecit.</strong></span> <span class='ocrx_word' id='word_1_153' title='bbox 562 2421 598 2480; x_wconf 96' lang='lat' dir='ltr'><strong>In</strong></span> <span class='ocrx_word' id='word_1_154' title='bbox 622 2419 822 2482; x_wconf 86' lang='lat' dir='ltr'><strong>duumviratu</strong></span> <span class='ocrx_word' id='word_1_155' title='bbox 844 2420 874 2495; x_wconf 85' lang='lat'><strong>4,</strong></span> <span class='ocrx_word' id='word_1_156' title='bbox 896 2420 946 2494; x_wconf 84' lang='lat'><strong>22,</strong></span> <span class='ocrx_word' id='word_1_157' title='bbox 972 2421 984 2481; x_wconf 94' lang='lat' dir='ltr'><strong>l</strong></span> <span class='ocrx_word' id='word_1_158' title='bbox 1010 2415 1124 2502; x_wconf 62' lang='lat' dir='ltr'><strong>(nin).</strong></span> 
     </span>
    </p>
   </div>
   <div class='ocr_carea' id='block_1_3' title="bbox 289 2553 1544 4557">
    <p class='ocr_par' dir='ltr' id='par_1_9' title="bbox 373 2553 848 2634">
     <span class='ocr_line' id='line_1_21' title="bbox 373 2553 848 2634; baseline -0.002 -19"><span class='ocrx_word' id='word_1_159' title='bbox 373 2553 434 2615; x_wconf 90' lang='lat' dir='ltr'><strong>His</strong></span> <span class='ocrx_word' id='word_1_160' title='bbox 459 2572 572 2615; x_wconf 89' lang='lat' dir='ltr'><strong>novam</strong></span> <span class='ocrx_word' id='word_1_161' title='bbox 595 2553 659 2616; x_wconf 88' lang='lat' dir='ltr'><strong>vim</strong></span> <span class='ocrx_word' id='word_1_162' title='bbox 683 2554 848 2634; x_wconf 88' lang='lat' dir='ltr'><strong>imposuit:</strong></span> 
     </span>
    </p>

    <p class='ocr_par' dir='ltr' id='par_1_10' title="bbox 291 2652 1543 3046">
     <span class='ocr_line' id='line_1_22' title="bbox 373 2652 1543 2737; baseline 0.003 -23"><span class='ocrx_word' id='word_1_163' title='bbox 373 2652 545 2716; x_wconf 81' lang='lat' dir='ltr'><strong>Adnotatio.</strong></span> <span class='ocrx_word' id='word_1_164' title='bbox 600 2653 817 2718; x_wconf 83' lang='lat' dir='ltr'><strong>Adnotationes</strong></span> <span class='ocrx_word' id='word_1_165' title='bbox 853 2653 934 2716; x_wconf 90' lang='lat' dir='ltr'><strong>dixit</strong></span> <span class='ocrx_word' id='word_1_166' title='bbox 969 2652 1197 2737; x_wconf 75' lang='lat' dir='ltr'><strong>explicationes</strong></span> <span class='ocrx_word' id='word_1_167' title='bbox 1229 2654 1261 2716; x_wconf 96' lang='lat' dir='ltr'><strong>in</strong></span> <span class='ocrx_word' id='word_1_168' title='bbox 1296 2654 1436 2734; x_wconf 79' lang='lat' dir='ltr'><strong>margine</strong></span> <span class='ocrx_word' id='word_1_169' title='bbox 1469 2654 1543 2718; x_wconf 88' lang='lat' dir='ltr'><strong>libri</strong></span> 
     </span>
     <span class='ocr_line' id='line_1_23' title="bbox 291 2754 1543 2837; baseline 0.003 -23"><span class='ocrx_word' id='word_1_170' title='bbox 291 2754 442 2835; x_wconf 89' lang='lat' dir='ltr'><strong>soriptas,</strong></span> <span class='ocrx_word' id='word_1_171' title='bbox 466 2755 578 2836; x_wconf 89' lang='lat' dir='ltr'><strong>quibus</strong></span> <span class='ocrx_word' id='word_1_172' title='bbox 600 2756 638 2829; x_wconf 90' lang='grc'><strong>11,</strong></span> <span class='ocrx_word' id='word_1_173' title='bbox 661 2756 711 2837; x_wconf 87' lang='lat' dir='ltr'><strong>qui</strong></span> <span class='ocrx_word' id='word_1_174' title='bbox 736 2755 826 2834; x_wconf 80' lang='lat' dir='ltr'><strong>legit,</strong></span> <span class='ocrx_word' id='word_1_175' title='bbox 850 2754 1030 2827; x_wconf 86' lang='lat' dir='ltr'><strong>indicabat,</strong></span> <span class='ocrx_word' id='word_1_176' title='bbox 1053 2754 1128 2837; x_wconf 94' lang='lat' dir='ltr'><strong>quid</strong></span> <span class='ocrx_word' id='word_1_177' title='bbox 1151 2754 1211 2817; x_wconf 89' lang='lat' dir='ltr'><strong>sibi</strong></span> <span class='ocrx_word' id='word_1_178' title='bbox 1235 2755 1375 2837; x_wconf 87' lang='lat' dir='ltr'><strong>placeret</strong></span> <span class='ocrx_word' id='word_1_179' title='bbox 1396 2755 1428 2817; x_wconf 96' lang='lat' dir='ltr'><strong>in</strong></span> <span class='ocrx_word' id='word_1_180' title='bbox 1448 2755 1543 2830; x_wconf 87' lang='lat' dir='ltr'><strong>libro,</strong></span> 
     </span>
     <span class='ocr_line' id='line_1_24' title="bbox 292 2853 1543 2937; baseline 0.002 -20"><span class='ocrx_word' id='word_1_181' title='bbox 292 2855 364 2935; x_wconf 90' lang='lat' dir='ltr'><strong>quid</strong></span> <span class='ocrx_word' id='word_1_182' title='bbox 388 2855 578 2937; x_wconf 89' lang='lat' dir='ltr'><strong>displiceret.</strong></span> <span class='ocrx_word' id='word_1_183' title='bbox 622 2857 753 2920; x_wconf 88' lang='lat' dir='ltr'><strong>Librum</strong></span> <span class='ocrx_word' id='word_1_184' title='bbox 778 2876 879 2918; x_wconf 90' lang='lat' dir='ltr'><strong>meum</strong></span> <span class='ocrx_word' id='word_1_185' title='bbox 903 2876 972 2918; x_wconf 87' lang='lat' dir='ltr'><strong>oum</strong></span> <span class='ocrx_word' id='word_1_186' title='bbox 999 2854 1239 2919; x_wconf 81' lang='lat' dir='ltr'><strong>adnotationibus</strong></span> <span class='ocrx_word' id='word_1_187' title='bbox 1271 2857 1333 2919; x_wconf 91' lang='lat' dir='ltr'><strong>tuis</strong></span> <span class='ocrx_word' id='word_1_188' title='bbox 1361 2865 1491 2936; x_wconf 79' lang='lat' dir='ltr'><strong>expecto</strong></span> <span class='ocrx_word' id='word_1_189' title='bbox 1514 2853 1543 2932; x_wconf 92' lang='grc'>7,</span> 
     </span>
     <span class='ocr_line' id='line_1_25' title="bbox 291 2955 1410 3046; baseline 0.003 -30"><span class='ocrx_word' id='word_1_190' title='bbox 291 2955 341 3028; x_wconf 89' lang='grc'><strong>20,</strong></span> <span class='ocrx_word' id='word_1_191' title='bbox 363 2958 391 3018; x_wconf 90' lang='grc'><strong>2.</strong></span> <span class='ocrx_word' id='word_1_192' title='bbox 436 2957 527 3036; x_wconf 86' lang='grc' dir='ltr'>(Α111</span> <span class='ocrx_word' id='word_1_193' title='bbox 550 2957 581 3018; x_wconf 83' lang='grc'><strong>11</strong></span> <span class='ocrx_word' id='word_1_194' title='bbox 604 2958 745 3037; x_wconf 85' lang='lat' dir='ltr'><strong>subjecta</strong></span> <span class='ocrx_word' id='word_1_195' title='bbox 769 2977 831 3020; x_wconf 89' lang='lat' dir='ltr'><strong>vox</strong></span> <span class='ocrx_word' id='word_1_196' title='bbox 853 2965 960 3019; x_wconf 83' lang='lat' dir='ltr'><strong>exstat</strong></span> <span class='ocrx_word' id='word_1_197' title='bbox 981 2956 1089 3046; x_wconf 65' lang='lat' dir='ltr'><strong>Quint.</strong></span> <span class='ocrx_word' id='word_1_198' title='bbox 1112 2956 1137 3018; x_wconf 93' lang='grc' dir='ltr'><strong>Ι.</strong></span> <span class='ocrx_word' id='word_1_199' title='bbox 1161 2956 1197 3020; x_wconf 93' lang='lat'><strong>0.</strong></span> <span class='ocrx_word' id='word_1_200' title='bbox 1223 2957 1271 3030; x_wconf 91' lang='grc'><strong>10,</strong></span> <span class='ocrx_word' id='word_1_201' title='bbox 1293 2955 1323 3032; x_wconf 92' lang='grc'>7,</span> <span class='ocrx_word' id='word_1_202' title='bbox 1344 2956 1410 3041; x_wconf 86' lang='grc'>31).</span> 
     </span>
    </p>

    <p class='ocr_par' dir='ltr' id='par_1_11' title="bbox 289 3055 1544 3728">
     <span class='ocr_line' id='line_1_26' title="bbox 374 3055 1544 3144; baseline 0.001 -25"><span class='ocrx_word' id='word_1_203' title='bbox 374 3055 540 3119; x_wconf 79' lang='lat' dir='ltr'><strong>Descensio</strong></span> <span class='ocrx_word' id='word_1_204' title='bbox 564 3059 677 3120; x_wconf 88' lang='lat' dir='ltr'><strong>dieitur</strong></span> <span class='ocrx_word' id='word_1_205' title='bbox 699 3059 737 3120; x_wconf 93' lang='lat' dir='ltr'><strong>de</strong></span> <span class='ocrx_word' id='word_1_206' title='bbox 754 3056 825 3132; x_wconf 87' lang='lat' dir='ltr'><strong>loeo,</strong></span> <span class='ocrx_word' id='word_1_207' title='bbox 848 3079 905 3142; x_wconf 83' lang='lat' dir='ltr'><strong>qao</strong></span> <span class='ocrx_word' id='word_1_208' title='bbox 920 3057 1116 3121; x_wconf 81' lang='lat' dir='ltr'><strong>deseenditur.</strong></span> <span class='ocrx_word' id='word_1_209' title='bbox 1152 3058 1189 3120; x_wconf 94' lang='lat' dir='ltr'><strong>In</strong></span> <span class='ocrx_word' id='word_1_210' title='bbox 1205 3059 1263 3120; x_wconf 88' lang='lat' dir='ltr'><strong>han</strong></span> <span class='ocrx_word' id='word_1_211' title='bbox 1278 3057 1435 3144; x_wconf 85' lang='grc'>(11161111</span> <span class='ocrx_word' id='word_1_212' title='bbox 1450 3060 1544 3143; x_wconf 88' lang='grc'>11111)</span> 
     </span>
     <span class='ocr_line' id='line_1_27' title="bbox 289 3157 1544 3242; baseline 0.003 -24"><span class='ocrx_word' id='word_1_213' title='bbox 289 3165 356 3218; x_wconf 91' lang='grc'>1111</span> <span class='ocrx_word' id='word_1_214' title='bbox 379 3157 631 3232; x_wconf 79' lang='grc'>11111111111115,</span> <span class='ocrx_word' id='word_1_215' title='bbox 654 3158 683 3233; x_wconf 90' lang='grc'><strong>6,</strong></span> <span class='ocrx_word' id='word_1_216' title='bbox 705 3159 755 3221; x_wconf 90' lang='grc'><strong>26.</strong></span> <span class='ocrx_word' id='word_1_217' title='bbox 789 3159 908 3241; x_wconf 84' lang='lat' dir='ltr'><strong>(Solita</strong></span> <span class='ocrx_word' id='word_1_218' title='bbox 930 3159 961 3221; x_wconf 90' lang='lat' dir='ltr'><strong>vi</strong></span> <span class='ocrx_word' id='word_1_219' title='bbox 985 3158 1098 3238; x_wconf 83' lang='lat' dir='ltr'><strong>legitur</strong></span> <span class='ocrx_word' id='word_1_220' title='bbox 1120 3176 1170 3238; x_wconf 90' lang='lat' dir='ltr'><strong>ap.</strong></span> <span class='ocrx_word' id='word_1_221' title='bbox 1187 3159 1269 3222; x_wconf 91' lang='lat' dir='ltr'><strong>Plin.</strong></span> <span class='ocrx_word' id='word_1_222' title='bbox 1286 3158 1382 3242; x_wconf 88' lang='lat' dir='ltr'><strong>mnj.).</strong></span> <span class='ocrx_word' id='word_1_223' title='bbox 1427 3161 1462 3222; x_wconf 93' lang='lat' dir='ltr'><strong>ln</strong></span> <span class='ocrx_word' id='word_1_224' title='bbox 1487 3160 1544 3222; x_wconf 94' lang='lat' dir='ltr'><strong>du-</strong></span> 
     </span>
     <span class='ocr_line' id='line_1_28' title="bbox 292 3258 1543 3340; baseline 0.003 -20"><span class='ocrx_word' id='word_1_225' title='bbox 292 3258 378 3320; x_wconf 90' lang='lat' dir='ltr'><strong>bium</strong></span> <span class='ocrx_word' id='word_1_226' title='bbox 401 3266 506 3321; x_wconf 87' lang='lat' dir='ltr'><strong>temen</strong></span> <span class='ocrx_word' id='word_1_227' title='bbox 542 3269 648 3340; x_wconf 90' lang='lat' dir='ltr'><strong>potest</strong></span> <span class='ocrx_word' id='word_1_228' title='bbox 668 3260 791 3334; x_wconf 88' lang='lat' dir='ltr'><strong>vanari,</strong></span> <span class='ocrx_word' id='word_1_229' title='bbox 825 3260 951 3340; x_wconf 86' lang='lat' dir='ltr'><strong>anjam</strong></span> <span class='ocrx_word' id='word_1_230' title='bbox 984 3267 1057 3321; x_wconf 89' lang='lat' dir='ltr'><strong>ante</strong></span> <span class='ocrx_word' id='word_1_231' title='bbox 1079 3277 1142 3321; x_wconf 82' lang='lat' dir='ltr'><strong>vox</strong></span> <span class='ocrx_word' id='word_1_232' title='bbox 1170 3259 1201 3320; x_wconf 92' lang='lat' dir='ltr'><strong>in</strong></span> <span class='ocrx_word' id='word_1_233' title='bbox 1233 3279 1288 3322; x_wconf 92' lang='lat' dir='ltr'><strong>usu</strong></span> <span class='ocrx_word' id='word_1_234' title='bbox 1317 3260 1412 3322; x_wconf 87' lang='lat' dir='ltr'><strong>fuerit</strong></span> <span class='ocrx_word' id='word_1_235' title='bbox 1433 3260 1490 3322; x_wconf 90' lang='lat' dir='ltr'><strong>illa</strong></span> <span class='ocrx_word' id='word_1_236' title='bbox 1512 3262 1543 3324; x_wconf 90' lang='lat' dir='ltr'><strong>vi</strong></span> 
     </span>
     <span class='ocr_line' id='line_1_29' title="bbox 292 3358 1544 3444; baseline 0.005 -25"><span class='ocrx_word' id='word_1_237' title='bbox 292 3358 445 3440; x_wconf 84' lang='lat' dir='ltr'><strong>subjecta,</strong></span> <span class='ocrx_word' id='word_1_238' title='bbox 468 3379 536 3422; x_wconf 90' lang='lat' dir='ltr'><strong>oum</strong></span> <span class='ocrx_word' id='word_1_239' title='bbox 560 3361 715 3424; x_wconf 76' lang='lat' dir='ltr'><strong>descensus</strong></span> <span class='ocrx_word' id='word_1_240' title='bbox 738 3362 866 3423; x_wconf 90' lang='lat' dir='ltr'><strong>eandem</strong></span> <span class='ocrx_word' id='word_1_241' title='bbox 888 3361 951 3423; x_wconf 88' lang='lat' dir='ltr'><strong>vim</strong></span> <span class='ocrx_word' id='word_1_242' title='bbox 973 3359 1091 3423; x_wconf 88' lang='lat' dir='ltr'><strong>habeat</strong></span> <span class='ocrx_word' id='word_1_243' title='bbox 1108 3359 1208 3442; x_wconf 89' lang='lat' dir='ltr'><strong>(Hirt.</strong></span> <span class='ocrx_word' id='word_1_244' title='bbox 1221 3362 1256 3423; x_wconf 93' lang='lat' dir='ltr'><strong>B.</strong></span> <span class='ocrx_word' id='word_1_245' title='bbox 1269 3359 1307 3424; x_wconf 85' lang='lat' dir='ltr'><strong>G.</strong></span> <span class='ocrx_word' id='word_1_246' title='bbox 1320 3359 1349 3435; x_wconf 88' lang='lat'><strong>8,</strong></span> <span class='ocrx_word' id='word_1_247' title='bbox 1360 3361 1410 3423; x_wconf 87' lang='lat'><strong>40.</strong></span> <span class='ocrx_word' id='word_1_248' title='bbox 1446 3362 1544 3444; x_wconf 84' lang='lat' dir='ltr'><strong>Verg.</strong></span> 
     </span>
     <span class='ocr_line' id='line_1_30' title="bbox 292 3457 1544 3544; baseline 0.006 -24"><span class='ocrx_word' id='word_1_249' title='bbox 292 3459 370 3522; x_wconf 87' lang='lat' dir='ltr'><strong>Aen.</strong></span> <span class='ocrx_word' id='word_1_250' title='bbox 393 3457 423 3535; x_wconf 89' lang='grc'><strong>6,</strong></span> <span class='ocrx_word' id='word_1_251' title='bbox 447 3458 535 3544; x_wconf 90' lang='grc'>126),</span> <span class='ocrx_word' id='word_1_252' title='bbox 558 3470 665 3526; x_wconf 89' lang='lat' dir='ltr'><strong>notum</strong></span> <span class='ocrx_word' id='word_1_253' title='bbox 689 3463 731 3524; x_wconf 91' lang='lat' dir='ltr'><strong>sit</strong></span> <span class='ocrx_word' id='word_1_254' title='bbox 753 3470 938 3526; x_wconf 88' lang='lat' dir='ltr'><strong>autemnon</strong></span> <span class='ocrx_word' id='word_1_255' title='bbox 960 3459 1060 3524; x_wconf 87' lang='lat' dir='ltr'><strong>solere</strong></span> <span class='ocrx_word' id='word_1_256' title='bbox 1084 3479 1192 3523; x_wconf 91' lang='lat' dir='ltr'><strong>omnes</strong></span> <span class='ocrx_word' id='word_1_257' title='bbox 1215 3480 1304 3526; x_wconf 91' lang='lat' dir='ltr'><strong>oasus</strong></span> <span class='ocrx_word' id='word_1_258' title='bbox 1326 3463 1544 3527; x_wconf 87' lang='lat' dir='ltr'><strong>substantivo-</strong></span> 
     </span>
     <span class='ocr_line' id='line_1_31' title="bbox 293 3561 1543 3648; baseline 0.005 -26"><span class='ocrx_word' id='word_1_259' title='bbox 293 3580 358 3623; x_wconf 88' lang='lat' dir='ltr'><strong>rum</strong></span> <span class='ocrx_word' id='word_1_260' title='bbox 382 3562 571 3637; x_wconf 87' lang='lat' dir='ltr'><strong>verbalium,</strong></span> <span class='ocrx_word' id='word_1_261' title='bbox 595 3583 660 3644; x_wconf 89' lang='lat' dir='ltr'><strong>quee</strong></span> <span class='ocrx_word' id='word_1_262' title='bbox 684 3569 843 3636; x_wconf 84' lang='lat' dir='ltr'><strong>vocantur,</strong></span> <span class='ocrx_word' id='word_1_263' title='bbox 865 3561 897 3625; x_wconf 91' lang='lat' dir='ltr'><strong>in</strong></span> <span class='ocrx_word' id='word_1_264' title='bbox 918 3584 970 3624; x_wconf 86' lang='grc'>-111</span> <span class='ocrx_word' id='word_1_265' title='bbox 993 3561 1199 3625; x_wconf 89' lang='lat' dir='ltr'><strong>desinentium</strong></span> <span class='ocrx_word' id='word_1_266' title='bbox 1223 3562 1543 3648; x_wconf 77' lang='lat' dir='ltr'><strong>conformeri1),sed</strong></span> 
     </span>
     <span class='ocr_line' id='line_1_32' title="bbox 293 3661 1122 3728; baseline 0 -5"><span class='ocrx_word' id='word_1_267' title='bbox 293 3661 471 3724; x_wconf 87' lang='lat' dir='ltr'><strong>definientes</strong></span> <span class='ocrx_word' id='word_1_268' title='bbox 495 3683 584 3727; x_wconf 86' lang='lat' dir='ltr'><strong>casus</strong></span> <span class='ocrx_word' id='word_1_269' title='bbox 607 3665 646 3727; x_wconf 93' lang='lat' dir='ltr'><strong>ab</strong></span> <span class='ocrx_word' id='word_1_270' title='bbox 670 3663 852 3728; x_wconf 83' lang='lat' dir='ltr'><strong>exeuntibus</strong></span> <span class='ocrx_word' id='word_1_271' title='bbox 874 3662 906 3725; x_wconf 90' lang='lat' dir='ltr'><strong>in</strong></span> <span class='ocrx_word' id='word_1_272' title='bbox 929 3663 975 3724; x_wconf 90' lang='lat' dir='ltr'><strong>-io</strong></span> <span class='ocrx_word' id='word_1_273' title='bbox 997 3662 1122 3725; x_wconf 86' lang='lat' dir='ltr'><strong>assumi.</strong></span> 
     </span>
    </p>

    <p class='ocr_par' dir='ltr' id='par_1_12' title="bbox 292 3761 1544 4252">
     <span class='ocr_line' id='line_1_33' title="bbox 375 3761 1542 3848; baseline 0.004 -24"><span class='ocrx_word' id='word_1_274' title='bbox 375 3761 582 3848; x_wconf 80' lang='lat' dir='ltr'><strong>Dispensatio.</strong></span> <span class='ocrx_word' id='word_1_275' title='bbox 626 3767 718 3829; x_wconf 86' lang='lat' dir='ltr'><strong>Hane</strong></span> <span class='ocrx_word' id='word_1_276' title='bbox 740 3783 847 3828; x_wconf 87' lang='lat' dir='ltr'><strong>vanem</strong></span> <span class='ocrx_word' id='word_1_277' title='bbox 870 3763 1041 3827; x_wconf 89' lang='lat' dir='ltr'><strong>insolenter</strong></span> <span class='ocrx_word' id='word_1_278' title='bbox 1062 3763 1233 3839; x_wconf 89' lang='lat' dir='ltr'><strong>transtulit,</strong></span> <span class='ocrx_word' id='word_1_279' title='bbox 1255 3783 1440 3847; x_wconf 86' lang='lat' dir='ltr'><strong>quemqnam</strong></span> <span class='ocrx_word' id='word_1_280' title='bbox 1464 3767 1542 3829; x_wconf 82' lang='lat' dir='ltr'><strong>faoi-</strong></span> 
     </span>
     <span class='ocr_line' id='line_1_34' title="bbox 293 3859 1543 3948; baseline 0.003 -22"><span class='ocrx_word' id='word_1_281' title='bbox 293 3864 332 3928; x_wconf 91' lang='lat' dir='ltr'><strong>lis</strong></span> <span class='ocrx_word' id='word_1_282' title='bbox 355 3871 424 3927; x_wconf 88' lang='lat' dir='ltr'><strong>erat</strong></span> <span class='ocrx_word' id='word_1_283' title='bbox 445 3865 615 3940; x_wconf 87' lang='lat' dir='ltr'><strong>transitus,</strong></span> <span class='ocrx_word' id='word_1_284' title='bbox 637 3886 703 3930; x_wconf 90' lang='lat' dir='ltr'><strong>oum</strong></span> <span class='ocrx_word' id='word_1_285' title='bbox 724 3866 836 3929; x_wconf 86' lang='lat' dir='ltr'><strong>Livias</strong></span> <span class='ocrx_word' id='word_1_286' title='bbox 857 3859 908 3941; x_wconf 87' lang='grc'>27,</span> <span class='ocrx_word' id='word_1_287' title='bbox 930 3865 981 3940; x_wconf 91' lang='grc'>50,</span> <span class='ocrx_word' id='word_1_288' title='bbox 1005 3865 1043 3927; x_wconf 91' lang='grc'><strong>10</strong></span> <span class='ocrx_word' id='word_1_289' title='bbox 1058 3864 1205 3927; x_wconf 85' lang='lat' dir='ltr'><strong>dixisset:</strong></span> <span class='ocrx_word' id='word_1_290' title='bbox 1229 3865 1438 3948; x_wconf 88' lang='lat' dir='ltr'><strong>&#39;’Dispensere</strong></span> <span class='ocrx_word' id='word_1_291' title='bbox 1461 3867 1543 3930; x_wconf 79' lang='grc'>1111-</span> 
     </span>
     <span class='ocr_line' id='line_1_35' title="bbox 292 3965 1544 4050; baseline 0.002 -20"><span class='ocrx_word' id='word_1_292' title='bbox 292 3965 403 4042; x_wconf 86' lang='grc'>11111”,</span> <span class='ocrx_word' id='word_1_293' title='bbox 424 3967 480 4029; x_wconf 86' lang='lat' dir='ltr'><strong>tel.</strong></span> <span class='ocrx_word' id='word_1_294' title='bbox 504 3965 766 4050; x_wconf 74' lang='lat' dir='ltr'><strong>Dispensationem</strong></span> <span class='ocrx_word' id='word_1_295' title='bbox 789 3967 944 4050; x_wconf 88' lang='lat' dir='ltr'><strong>quandam</strong></span> <span class='ocrx_word' id='word_1_296' title='bbox 967 3965 1043 4029; x_wconf 89' lang='lat' dir='ltr'><strong>mihi</strong></span> <span class='ocrx_word' id='word_1_297' title='bbox 1067 3972 1192 4047; x_wconf 85' lang='lat' dir='ltr'><strong>ergata</strong></span> <span class='ocrx_word' id='word_1_298' title='bbox 1214 3965 1344 4048; x_wconf 86' lang='lat' dir='ltr'><strong>pietatis</strong></span> <span class='ocrx_word' id='word_1_299' title='bbox 1366 3987 1431 4031; x_wconf 78' lang='lat' dir='ltr'><strong>sum</strong></span> <span class='ocrx_word' id='word_1_300' title='bbox 1452 3988 1544 4032; x_wconf 88' lang='lat' dir='ltr'><strong>man-</strong></span> 
     </span>
     <span class='ocr_line' id='line_1_36' title="bbox 294 4063 1543 4153; baseline 0.002 -24"><span class='ocrx_word' id='word_1_301' title='bbox 294 4067 382 4131; x_wconf 89' lang='lat' dir='ltr'><strong>davit</strong></span> <span class='ocrx_word' id='word_1_302' title='bbox 397 4069 445 4142; x_wconf 87' lang='lat'><strong>10,</strong></span> <span class='ocrx_word' id='word_1_303' title='bbox 459 4063 500 4132; x_wconf 91' lang='grc'><strong>75</strong></span> <span class='ocrx_word' id='word_1_304' title='bbox 516 4063 597 4153; x_wconf 88' lang='grc'>(79),</span> <span class='ocrx_word' id='word_1_305' title='bbox 612 4070 638 4130; x_wconf 93' lang='grc'><strong>1.</strong></span> <span class='ocrx_word' id='word_1_306' title='bbox 672 4067 783 4152; x_wconf 87' lang='lat' dir='ltr'><strong>(Apud</strong></span> <span class='ocrx_word' id='word_1_307' title='bbox 805 4075 928 4131; x_wconf 89' lang='lat' dir='ltr'><strong>veteres</strong></span> <span class='ocrx_word' id='word_1_308' title='bbox 951 4067 1120 4149; x_wconf 89' lang='lat' dir='ltr'><strong>scriptores</strong></span> <span class='ocrx_word' id='word_1_309' title='bbox 1143 4067 1270 4149; x_wconf 90' lang='lat' dir='ltr'><strong>proprie</strong></span> <span class='ocrx_word' id='word_1_310' title='bbox 1293 4067 1424 4131; x_wconf 90' lang='lat' dir='ltr'><strong>dieitur:</strong></span> <span class='ocrx_word' id='word_1_311' title='bbox 1447 4069 1543 4132; x_wconf 87' lang='lat' dir='ltr'><strong>”Dis-</strong></span> 
     </span>
     <span class='ocr_line' id='line_1_37' title="bbox 293 4166 1048 4252; baseline -0.003 -20"><span class='ocrx_word' id='word_1_312' title='bbox 293 4169 437 4250; x_wconf 85' lang='lat' dir='ltr'><strong>pensatio</strong></span> <span class='ocrx_word' id='word_1_313' title='bbox 460 4169 581 4244; x_wconf 76' lang='lat' dir='ltr'><strong>erarii,</strong></span> <span class='ocrx_word' id='word_1_314' title='bbox 604 4188 748 4243; x_wconf 86' lang='lat' dir='ltr'><strong>annonae,</strong></span> <span class='ocrx_word' id='word_1_315' title='bbox 770 4168 946 4251; x_wconf 84' lang='lat' dir='ltr'><strong>peouniae&#39;’,</strong></span> <span class='ocrx_word' id='word_1_316' title='bbox 967 4166 1048 4252; x_wconf 85' lang='lat' dir='ltr'><strong>tal).</strong></span> 
     </span>
    </p>

    <p class='ocr_par' dir='ltr' id='par_1_13' title="bbox 296 4268 1543 4557">
     <span class='ocr_line' id='line_1_38' title="bbox 376 4268 1542 4356; baseline 0.001 -23"><span class='ocrx_word' id='word_1_317' title='bbox 376 4269 499 4356; x_wconf 79' lang='lat' dir='ltr'><strong>Epestio</strong></span> <span class='ocrx_word' id='word_1_318' title='bbox 531 4290 588 4353; x_wconf 88' lang='lat' dir='ltr'><strong>per</strong></span> <span class='ocrx_word' id='word_1_319' title='bbox 620 4270 861 4334; x_wconf 89' lang='lat' dir='ltr'><strong>translationem</strong></span> <span class='ocrx_word' id='word_1_320' title='bbox 895 4270 1020 4352; x_wconf 89' lang='lat' dir='ltr'><strong>panitur</strong></span> <span class='ocrx_word' id='word_1_321' title='bbox 1051 4289 1108 4351; x_wconf 88' lang='lat' dir='ltr'><strong>pro</strong></span> <span class='ocrx_word' id='word_1_322' title='bbox 1140 4268 1299 4356; x_wconf 79' lang='lat' dir='ltr'><strong>effusione.</strong></span> <span class='ocrx_word' id='word_1_323' title='bbox 1342 4269 1542 4334; x_wconf 87' lang='lat' dir='ltr'><strong>Publioerum</strong></span> 
     </span>
     <span class='ocr_line' id='line_1_39' title="bbox 296 4364 1543 4455; baseline 0.001 -22"><span class='ocrx_word' id='word_1_324' title='bbox 296 4391 386 4453; x_wconf 92' lang='lat' dir='ltr'><strong>opum</strong></span> <span class='ocrx_word' id='word_1_325' title='bbox 419 4371 560 4454; x_wconf 78' lang='lat' dir='ltr'><strong>opertione</strong></span> <span class='ocrx_word' id='word_1_326' title='bbox 581 4372 612 4449; x_wconf 82' lang='lat'><strong>8,</strong></span> <span class='ocrx_word' id='word_1_327' title='bbox 633 4370 662 4445; x_wconf 91' lang='grc'>6,</span> <span class='ocrx_word' id='word_1_328' title='bbox 684 4364 712 4434; x_wconf 88' lang='grc'><strong>7.</strong></span> <span class='ocrx_word' id='word_1_329' title='bbox 746 4371 825 4455; x_wconf 83' lang='lat' dir='ltr'><strong>(Ap.</strong></span> <span class='ocrx_word' id='word_1_330' title='bbox 854 4371 940 4436; x_wconf 89' lang='lat' dir='ltr'><strong>Suet.</strong></span> <span class='ocrx_word' id='word_1_331' title='bbox 970 4379 1001 4434; x_wconf 91' lang='grc'><strong>11</strong></span> <span class='ocrx_word' id='word_1_332' title='bbox 1027 4371 1140 4452; x_wconf 85' lang='lat' dir='ltr'><strong>Veget.</strong></span> <span class='ocrx_word' id='word_1_333' title='bbox 1169 4370 1298 4453; x_wconf 89' lang='lat' dir='ltr'><strong>propria</strong></span> <span class='ocrx_word' id='word_1_334' title='bbox 1319 4371 1543 4453; x_wconf 83' lang='lat' dir='ltr'><strong>significatione</strong></span> 
     </span>
     <span class='ocr_line' id='line_1_40' title="bbox 296 4474 486 4557; baseline -0.005 -22"><span class='ocrx_word' id='word_1_335' title='bbox 296 4474 486 4557; x_wconf 87' lang='lat' dir='ltr'><strong>usurpatur).</strong></span> 
     </span>
    </p>
   </div>
   <div class='ocr_carea' id='block_1_4' title="bbox 297 4601 492 4612">
    <p class='ocr_par' dir='ltr' id='par_1_14' title="bbox 297 4601 492 4612">
     <span class='ocr_line' id='line_1_41' title="bbox 297 4601 492 4612; baseline -0.015 0"><span class='ocrx_word' id='word_1_336' title='bbox 297 4601 492 4612; x_wconf 77' lang='lat'><strong>-----</strong></span> 
     </span>
    </p>
   </div>
   <div class='ocr_carea' id='block_1_5' title="bbox 386 4657 1542 4734">
    <p class='ocr_par' dir='ltr' id='par_1_15' title="bbox 386 4657 1542 4734">
     <span class='ocr_line' id='line_1_42' title="bbox 386 4657 1542 4734; baseline -0.003 -16"><span class='ocrx_word' id='word_1_337' title='bbox 386 4659 403 4728; x_wconf 83' lang='lat'><strong>¹)</strong></span> <span class='ocrx_word' id='word_1_338' title='bbox 426 4665 476 4719; x_wconf 81' lang='lat' dir='ltr'><strong>Cir.</strong></span> <span class='ocrx_word' id='word_1_339' title='bbox 492 4660 678 4734; x_wconf 71' lang='lat' dir='ltr'><strong>Nigelsbaoh,</strong></span> <span class='ocrx_word' id='word_1_340' title='bbox 693 4657 878 4716; x_wconf 85' lang='lat' dir='ltr'><strong>”Lateinisohe</strong></span> <span class='ocrx_word' id='word_1_341' title='bbox 892 4658 1033 4722; x_wconf 65' lang='lat' dir='ltr'><strong>Stilinilm,</strong></span> <span class='ocrx_word' id='word_1_342' title='bbox 1050 4658 1132 4712; x_wconf 88' lang='lat' dir='ltr'><strong>dritta</strong></span> <span class='ocrx_word' id='word_1_343' title='bbox 1147 4659 1276 4732; x_wconf 79' lang='lat' dir='ltr'><strong>Aullage,</strong></span> <span class='ocrx_word' id='word_1_344' title='bbox 1299 4661 1367 4732; x_wconf 78' lang='lat' dir='ltr'><strong>Peg.</strong></span> <span class='ocrx_word' id='word_1_345' title='bbox 1386 4662 1455 4726; x_wconf 89' lang='grc'>151,</span> <span class='ocrx_word' id='word_1_346' title='bbox 1470 4679 1542 4733; x_wconf 88' lang='lat' dir='ltr'><strong>sequ.</strong></span> 
     </span>
    </p>
   </div>
   <div class='ocr_carea' id='block_1_6' title="bbox 0 0 1639 5332">
    <p class='ocr_par' dir='ltr' id='par_1_16' title="bbox 0 0 1639 5332">
     <span class='ocr_line' id='line_1_43' title="bbox 0 0 1639 5332; baseline 0 0"><span class='ocrx_word' id='word_1_347' title='bbox 0 0 1639 5332; x_wconf 95' lang='lat' dir='ltr'><strong> </strong></span> 
     </span>
    </p>
   </div>
  </div>
 </body>
</html>
