<?xml version="1.0" encoding="UTF-8"?>
<!DOCTYPE html PUBLIC "-//W3C//DTD XHTML 1.0 Transitional//EN"
    "http://www.w3.org/TR/xhtml1/DTD/xhtml1-transitional.dtd">
<html xmlns="http://www.w3.org/1999/xhtml" xml:lang="en" lang="en">
 <head>
  <title>
</title>
<meta http-equiv="Content-Type" content="text/html;charset=utf-8" />
  <meta name='ocr-system' content='tesseract 3.04.00' />
  <meta name='ocr-capabilities' content='ocr_page ocr_carea ocr_par ocr_line ocrx_word'/>
</head>
<body>
  <div class='ocr_page' id='page_1' title='image "./devitaetelocuti00lagegoog_0091.png"; bbox 0 0 3264 5332; ppageno 0'>
   <div class='ocr_carea' id='block_1_1' title="bbox 265 454 1027 526">
    <p class='ocr_par' dir='ltr' id='par_1_1' title="bbox 265 454 1027 526">
     <span class='ocr_line' id='line_1_1' title="bbox 265 454 1027 526; baseline -0.005 -12"><span class='ocrx_word' id='word_1_1' title='bbox 265 460 304 514; x_wconf 88' lang='grc'>84</span> <span class='ocrx_word' id='word_1_2' title='bbox 756 455 782 511; x_wconf 86' lang='lat' dir='ltr'>J.</span> <span class='ocrx_word' id='word_1_3' title='bbox 805 454 837 510; x_wconf 89' lang='lat' dir='ltr'>P.</span> <span class='ocrx_word' id='word_1_4' title='bbox 860 454 1027 526; x_wconf 77' lang='grc'><strong>1103003100.</strong></span> 
     </span>
    </p>
   </div>
   <div class='ocr_carea' id='block_1_2' title="bbox 217 621 1516 2929">
    <p class='ocr_par' dir='ltr' id='par_1_2' title="bbox 263 621 1516 1111">
     <span class='ocr_line' id='line_1_2' title="bbox 266 621 1514 710; baseline -0.008 -20"><span class='ocrx_word' id='word_1_5' title='bbox 266 646 419 708; x_wconf 87' lang='lat' dir='ltr'>moresque</span> <span class='ocrx_word' id='word_1_6' title='bbox 451 626 592 708; x_wconf 73' lang='lat' dir='ltr'>preibat,</span> <span class='ocrx_word' id='word_1_7' title='bbox 623 627 713 691; x_wconf 86' lang='lat' dir='ltr'>choro</span> <span class='ocrx_word' id='word_1_8' title='bbox 739 628 936 710; x_wconf 81' lang='lat' dir='ltr'>praemebat,</span> <span class='ocrx_word' id='word_1_9' title='bbox 958 627 1041 708; x_wconf 90' lang='lat' dir='ltr'>cujus</span> <span class='ocrx_word' id='word_1_10' title='bbox 1063 627 1187 708; x_wconf 90' lang='lat' dir='ltr'>denique</span> <span class='ocrx_word' id='word_1_11' title='bbox 1209 627 1246 689; x_wconf 89' lang='lat' dir='ltr'>ad</span> <span class='ocrx_word' id='word_1_12' title='bbox 1268 625 1386 706; x_wconf 85' lang='lat' dir='ltr'>signum</span> <span class='ocrx_word' id='word_1_13' title='bbox 1409 621 1514 684; x_wconf 90' lang='lat' dir='ltr'>chorus</span> 
     </span>
     <span class='ocr_line' id='line_1_3' title="bbox 263 725 1516 810; baseline -0.008 -18"><span class='ocrx_word' id='word_1_14' title='bbox 263 737 365 810; x_wconf 86' lang='lat' dir='ltr'>partes</span> <span class='ocrx_word' id='word_1_15' title='bbox 388 748 459 790; x_wconf 89' lang='lat' dir='ltr'>suas</span> <span class='ocrx_word' id='word_1_16' title='bbox 482 729 608 809; x_wconf 89' lang='lat' dir='ltr'>agebat,</span> <span class='ocrx_word' id='word_1_17' title='bbox 629 730 679 791; x_wconf 92' lang='lat' dir='ltr'>sed</span> <span class='ocrx_word' id='word_1_18' title='bbox 701 729 817 792; x_wconf 86' lang='lat' dir='ltr'><strong>Plinius</strong></span> <span class='ocrx_word' id='word_1_19' title='bbox 838 730 895 792; x_wconf 91' lang='lat' dir='ltr'>hoc</span> <span class='ocrx_word' id='word_1_20' title='bbox 910 730 1029 793; x_wconf 92' lang='lat' dir='ltr'>nomine</span> <span class='ocrx_word' id='word_1_21' title='bbox 1044 729 1208 810; x_wconf 83' lang='lat' dir='ltr'>appellavit</span> <span class='ocrx_word' id='word_1_22' title='bbox 1222 746 1298 799; x_wconf 89' lang='lat' dir='ltr'>eum,</span> <span class='ocrx_word' id='word_1_23' title='bbox 1320 726 1370 808; x_wconf 91' lang='lat' dir='ltr'>qui</span> <span class='ocrx_word' id='word_1_24' title='bbox 1390 725 1516 786; x_wconf 90' lang='lat' dir='ltr'>homun-</span> 
     </span>
     <span class='ocr_line' id='line_1_4' title="bbox 264 825 1516 911; baseline -0.007 -20"><span class='ocrx_word' id='word_1_25' title='bbox 264 829 337 893; x_wconf 81' lang='lat' dir='ltr'><strong>culis</strong></span> <span class='ocrx_word' id='word_1_26' title='bbox 359 850 378 893; x_wconf 90' lang='lat' dir='ltr'>a</span> <span class='ocrx_word' id='word_1_27' title='bbox 400 829 486 891; x_wconf 90' lang='lat' dir='ltr'>malis</span> <span class='ocrx_word' id='word_1_28' title='bbox 509 831 677 892; x_wconf 86' lang='lat' dir='ltr'>oratoribus</span> <span class='ocrx_word' id='word_1_29' title='bbox 699 831 859 911; x_wconf 89' lang='lat' dir='ltr'>plaudendi</span> <span class='ocrx_word' id='word_1_30' title='bbox 880 851 972 894; x_wconf 87' lang='lat' dir='ltr'>causa</span> <span class='ocrx_word' id='word_1_31' title='bbox 994 831 1129 894; x_wconf 81' lang='lat' dir='ltr'>mercede</span> <span class='ocrx_word' id='word_1_32' title='bbox 1151 829 1304 892; x_wconf 89' lang='lat' dir='ltr'>conductis</span> <span class='ocrx_word' id='word_1_33' title='bbox 1325 827 1442 906; x_wconf 87' lang='lat' dir='ltr'>signum</span> <span class='ocrx_word' id='word_1_34' title='bbox 1465 825 1516 884; x_wconf 90' lang='lat' dir='ltr'>dat</span> 
     </span>
     <span class='ocr_line' id='line_1_5' title="bbox 263 925 1515 1008; baseline -0.006 -16"><span class='ocrx_word' id='word_1_35' title='bbox 263 929 459 993; x_wconf 86' lang='lat' dir='ltr'>acclamandi.</span> <span class='ocrx_word' id='word_1_36' title='bbox 492 929 607 992; x_wconf 90' lang='lat' dir='ltr'>Infiniti</span> <span class='ocrx_word' id='word_1_37' title='bbox 629 931 774 994; x_wconf 89' lang='lat' dir='ltr'>clamores</span> <span class='ocrx_word' id='word_1_38' title='bbox 797 942 1038 1008; x_wconf 78' lang='lat' dir='ltr'><strong>commoventur,</strong></span> <span class='ocrx_word' id='word_1_39' title='bbox 1060 951 1125 995; x_wconf 88' lang='lat' dir='ltr'>cum</span> <span class='ocrx_word' id='word_1_40' title='bbox 1148 928 1339 993; x_wconf 68' lang='lat' dir='ltr'><em>mesochorus</em></span> <span class='ocrx_word' id='word_1_41' title='bbox 1365 927 1450 989; x_wconf 80' lang='lat' dir='ltr'>dedit</span> <span class='ocrx_word' id='word_1_42' title='bbox 1473 925 1515 986; x_wconf 90' lang='lat' dir='ltr'>si-</span> 
     </span>
     <span class='ocr_line' id='line_1_6' title="bbox 263 1029 515 1111; baseline 0.008 -19"><span class='ocrx_word' id='word_1_43' title='bbox 263 1049 353 1111; x_wconf 90' lang='lat' dir='ltr'>gnum</span> <span class='ocrx_word' id='word_1_44' title='bbox 375 1033 405 1104; x_wconf 85' lang='lat'>2,</span> <span class='ocrx_word' id='word_1_45' title='bbox 423 1030 471 1106; x_wconf 84' lang='lat'>14,</span> <span class='ocrx_word' id='word_1_46' title='bbox 485 1029 515 1094; x_wconf 88' lang='grc'>6.</span> 
     </span>
    </p>

    <p class='ocr_par' dir='ltr' id='par_1_3' title="bbox 263 1127 1516 1314">
     <span class='ocr_line' id='line_1_7' title="bbox 344 1127 1516 1196; baseline -0.005 -2"><span class='ocrx_word' id='word_1_47' title='bbox 344 1129 610 1195; x_wconf 65' lang='lat' dir='ltr'>catalecticum</span> <span class='ocrx_word' id='word_1_48' title='bbox 631 1133 764 1196; x_wconf 89' lang='lat' dir='ltr'>carmina</span> <span class='ocrx_word' id='word_1_49' title='bbox 786 1133 913 1196; x_wconf 91' lang='lat' dir='ltr'>iambico</span> <span class='ocrx_word' id='word_1_50' title='bbox 936 1141 1030 1196; x_wconf 89' lang='lat' dir='ltr'>metro</span> <span class='ocrx_word' id='word_1_51' title='bbox 1053 1132 1144 1196; x_wconf 90' lang='lat' dir='ltr'>etad</span> <span class='ocrx_word' id='word_1_52' title='bbox 1165 1132 1320 1194; x_wconf 86' lang='lat' dir='ltr'>mimorum</span> <span class='ocrx_word' id='word_1_53' title='bbox 1344 1127 1516 1190; x_wconf 89' lang='lat' dir='ltr'>similitudi·</span> 
     </span>
     <span class='ocr_line' id='line_1_8' title="bbox 263 1229 1505 1314; baseline -0.005 -19"><span class='ocrx_word' id='word_1_54' title='bbox 263 1251 331 1295; x_wconf 91' lang='grc'><strong>0010</strong></span> <span class='ocrx_word' id='word_1_55' title='bbox 351 1234 526 1312; x_wconf 88' lang='lat' dir='ltr'>composita.</span> <span class='ocrx_word' id='word_1_56' title='bbox 570 1232 699 1314; x_wconf 80' lang='lat' dir='ltr'><strong>Scripsit</strong></span> <span class='ocrx_word' id='word_1_57' title='bbox 720 1233 909 1297; x_wconf 82' lang='lat' dir='ltr'>mimiambos</span> <span class='ocrx_word' id='word_1_58' title='bbox 930 1233 1059 1297; x_wconf 88' lang='lat' dir='ltr'>tenuiter</span> <span class='ocrx_word' id='word_1_59' title='bbox 1081 1243 1183 1314; x_wconf 88' lang='lat' dir='ltr'>argute</span> <span class='ocrx_word' id='word_1_60' title='bbox 1205 1242 1329 1294; x_wconf 84' lang='lat' dir='ltr'>venuste</span> <span class='ocrx_word' id='word_1_61' title='bbox 1351 1229 1382 1304; x_wconf 91' lang='grc'>6,</span> <span class='ocrx_word' id='word_1_62' title='bbox 1404 1231 1455 1303; x_wconf 92' lang='grc'>21,</span> <span class='ocrx_word' id='word_1_63' title='bbox 1477 1229 1505 1290; x_wconf 89' lang='lat'>4.</span> 
     </span>
    </p>

    <p class='ocr_par' dir='ltr' id='par_1_4' title="bbox 259 1329 1516 1717">
     <span class='ocr_line' id='line_1_9' title="bbox 345 1329 1514 1415; baseline -0.003 -21"><span class='ocrx_word' id='word_1_64' title='bbox 345 1331 531 1396; x_wconf 75' lang='lat' dir='ltr'><strong><em>Phantasma</em></strong></span> <span class='ocrx_word' id='word_1_65' title='bbox 568 1333 645 1396; x_wconf 90' lang='lat' dir='ltr'>dixit</span> <span class='ocrx_word' id='word_1_66' title='bbox 682 1354 793 1397; x_wconf 90' lang='lat' dir='ltr'>vanam</span> <span class='ocrx_word' id='word_1_67' title='bbox 826 1335 984 1415; x_wconf 81' lang='lat' dir='ltr'>imaginem</span> <span class='ocrx_word' id='word_1_68' title='bbox 1019 1345 1204 1398; x_wconf 82' lang='lat' dir='ltr'><strong>nocturnam.</strong></span> <span class='ocrx_word' id='word_1_69' title='bbox 1247 1334 1394 1412; x_wconf 87' lang='lat' dir='ltr'>Perquam</span> <span class='ocrx_word' id='word_1_70' title='bbox 1430 1329 1514 1392; x_wconf 87' lang='lat' dir='ltr'>velim</span> 
     </span>
     <span class='ocr_line' id='line_1_10' title="bbox 262 1426 1515 1516; baseline -0.003 -21"><span class='ocrx_word' id='word_1_71' title='bbox 262 1434 347 1508; x_wconf 90' lang='lat' dir='ltr'>scire,</span> <span class='ocrx_word' id='word_1_72' title='bbox 370 1454 435 1496; x_wconf 88' lang='lat' dir='ltr'>esse</span> <span class='ocrx_word' id='word_1_73' title='bbox 459 1433 675 1513; x_wconf 87' lang='lat' dir='ltr'>phantasmata</span> <span class='ocrx_word' id='word_1_74' title='bbox 696 1444 726 1498; x_wconf 92' lang='lat' dir='ltr'>et</span> <span class='ocrx_word' id='word_1_75' title='bbox 747 1435 858 1498; x_wconf 86' lang='lat' dir='ltr'>habere</span> <span class='ocrx_word' id='word_1_76' title='bbox 881 1437 1032 1516; x_wconf 81' lang='lat' dir='ltr'>propriam</span> <span class='ocrx_word' id='word_1_77' title='bbox 1053 1435 1177 1516; x_wconf 86' lang='lat' dir='ltr'>figuram</span> <span class='ocrx_word' id='word_1_78' title='bbox 1199 1443 1286 1516; x_wconf 88' lang='lat' dir='ltr'>putes</span> <span class='ocrx_word' id='word_1_79' title='bbox 1307 1427 1337 1506; x_wconf 92' lang='grc'>7,</span> <span class='ocrx_word' id='word_1_80' title='bbox 1351 1426 1403 1506; x_wconf 96' lang='grc'>27,</span> <span class='ocrx_word' id='word_1_81' title='bbox 1422 1432 1447 1494; x_wconf 94' lang='grc'>1.</span> <span class='ocrx_word' id='word_1_82' title='bbox 1480 1431 1515 1492; x_wconf 92' lang='grc' dir='ltr'>Ιο</span> 
     </span>
     <span class='ocr_line' id='line_1_11' title="bbox 262 1525 1516 1617; baseline -0.003 -21"><span class='ocrx_word' id='word_1_83' title='bbox 262 1534 365 1597; x_wconf 87' lang='lat' dir='ltr'>cedern</span> <span class='ocrx_word' id='word_1_84' title='bbox 388 1534 514 1615; x_wconf 89' lang='lat' dir='ltr'>epistola</span> <span class='ocrx_word' id='word_1_85' title='bbox 535 1535 660 1598; x_wconf 89' lang='lat' dir='ltr'>eandem</span> <span class='ocrx_word' id='word_1_86' title='bbox 676 1553 752 1610; x_wconf 89' lang='lat' dir='ltr'>rem,</span> <span class='ocrx_word' id='word_1_87' title='bbox 774 1544 808 1599; x_wconf 88' lang='grc'>01</span> <span class='ocrx_word' id='word_1_88' title='bbox 823 1556 915 1617; x_wconf 86' lang='lat' dir='ltr'>supra</span> <span class='ocrx_word' id='word_1_89' title='bbox 930 1537 1150 1610; x_wconf 89' lang='lat' dir='ltr'>demonstravi,</span> <span class='ocrx_word' id='word_1_90' title='bbox 1174 1535 1250 1598; x_wconf 84' lang='lat' dir='ltr'>dixit</span> <span class='ocrx_word' id='word_1_91' title='bbox 1264 1534 1370 1596; x_wconf 92' lang='lat' dir='ltr'>Idolon</span> <span class='ocrx_word' id='word_1_92' title='bbox 1383 1527 1413 1606; x_wconf 91' lang='grc'>7,</span> <span class='ocrx_word' id='word_1_93' title='bbox 1425 1525 1477 1606; x_wconf 92' lang='grc'>27,</span> <span class='ocrx_word' id='word_1_94' title='bbox 1487 1530 1516 1593; x_wconf 82' lang='lat' dir='ltr'>o.</span> 
     </span>
     <span class='ocr_line' id='line_1_12' title="bbox 259 1629 1350 1717; baseline 0.001 -20"><span class='ocrx_word' id='word_1_95' title='bbox 259 1636 423 1717; x_wconf 50' lang='lat' dir='ltr'>¹Imaginem</span> <span class='ocrx_word' id='word_1_96' title='bbox 446 1630 474 1711; x_wconf 94' lang='grc'>7,</span> <span class='ocrx_word' id='word_1_97' title='bbox 496 1629 547 1712; x_wconf 94' lang='grc'>27,</span> <span class='ocrx_word' id='word_1_98' title='bbox 569 1634 597 1698; x_wconf 94' lang='grc'>6.</span> <span class='ocrx_word' id='word_1_99' title='bbox 631 1636 830 1700; x_wconf 78' lang='lat' dir='ltr'>Simulacrum</span> <span class='ocrx_word' id='word_1_100' title='bbox 853 1632 883 1712; x_wconf 91' lang='grc'>7,</span> <span class='ocrx_word' id='word_1_101' title='bbox 904 1631 955 1710; x_wconf 93' lang='grc'>27,</span> <span class='ocrx_word' id='word_1_102' title='bbox 977 1637 1006 1701; x_wconf 87' lang='grc'><strong>7.</strong></span> <span class='ocrx_word' id='word_1_103' title='bbox 1039 1637 1176 1717; x_wconf 85' lang='lat' dir='ltr'>Effigiem</span> <span class='ocrx_word' id='word_1_104' title='bbox 1198 1630 1228 1711; x_wconf 89' lang='grc'>7,</span> <span class='ocrx_word' id='word_1_105' title='bbox 1249 1629 1299 1709; x_wconf 95' lang='grc'>27,</span> <span class='ocrx_word' id='word_1_106' title='bbox 1320 1633 1350 1698; x_wconf 92' lang='grc'>8.</span> 
     </span>
    </p>

    <p class='ocr_par' dir='ltr' id='par_1_5' title="bbox 260 1733 1516 1914">
     <span class='ocr_line' id='line_1_13' title="bbox 344 1733 1516 1819; baseline -0.002 -21"><span class='ocrx_word' id='word_1_107' title='bbox 344 1735 532 1799; x_wconf 73' lang='lat' dir='ltr'>Poemattam</span> <span class='ocrx_word' id='word_1_108' title='bbox 554 1736 630 1800; x_wconf 85' lang='lat' dir='ltr'>dixit</span> <span class='ocrx_word' id='word_1_109' title='bbox 652 1737 742 1800; x_wconf 87' lang='lat' dir='ltr'>breve</span> <span class='ocrx_word' id='word_1_110' title='bbox 764 1746 882 1819; x_wconf 76' lang='lat' dir='ltr'>potina.</span> <span class='ocrx_word' id='word_1_111' title='bbox 919 1737 991 1802; x_wconf 87' lang='lat' dir='ltr'>Sive</span> <span class='ocrx_word' id='word_1_112' title='bbox 1014 1739 1130 1818; x_wconf 88' lang='lat' dir='ltr'>eclogas</span> <span class='ocrx_word' id='word_1_113' title='bbox 1153 1737 1234 1810; x_wconf 87' lang='lat' dir='ltr'>sive,</span> <span class='ocrx_word' id='word_1_114' title='bbox 1257 1746 1291 1798; x_wconf 90' lang='lat' dir='ltr'>ut</span> <span class='ocrx_word' id='word_1_115' title='bbox 1317 1733 1419 1809; x_wconf 90' lang='lat' dir='ltr'>multi,</span> <span class='ocrx_word' id='word_1_116' title='bbox 1443 1737 1516 1816; x_wconf 78' lang='lat' dir='ltr'>ped·</span> 
     </span>
     <span class='ocr_line' id='line_1_14' title="bbox 260 1833 1002 1914; baseline 0.003 -14"><span class='ocrx_word' id='word_1_117' title='bbox 260 1837 354 1900; x_wconf 82' lang='lat' dir='ltr'>raetia</span> <span class='ocrx_word' id='word_1_118' title='bbox 375 1857 482 1901; x_wconf 91' lang='lat' dir='ltr'>vocare</span> <span class='ocrx_word' id='word_1_119' title='bbox 505 1838 646 1900; x_wconf 87' lang='lat' dir='ltr'>malueris</span> <span class='ocrx_word' id='word_1_120' title='bbox 667 1838 697 1912; x_wconf 84' lang='lat'>4,</span> <span class='ocrx_word' id='word_1_121' title='bbox 723 1838 770 1913; x_wconf 90' lang='grc'>14,</span> <span class='ocrx_word' id='word_1_122' title='bbox 793 1837 821 1902; x_wconf 89' lang='grc'>9.</span> <span class='ocrx_word' id='word_1_123' title='bbox 848 1839 879 1914; x_wconf 90' lang='grc'>4,</span> <span class='ocrx_word' id='word_1_124' title='bbox 901 1833 951 1914; x_wconf 93' lang='grc'>27,</span> <span class='ocrx_word' id='word_1_125' title='bbox 976 1840 1002 1902; x_wconf 90' lang='grc'>1.</span> 
     </span>
    </p>

    <p class='ocr_par' dir='ltr' id='par_1_6' title="bbox 217 1933 1516 2224">
     <span class='ocr_line' id='line_1_15' title="bbox 344 1933 1516 2025; baseline -0.003 -25"><span class='ocrx_word' id='word_1_126' title='bbox 344 1936 509 2002; x_wconf 73' lang='lat' dir='ltr'>Procoeton</span> <span class='ocrx_word' id='word_1_127' title='bbox 542 1933 616 2025; x_wconf 76' lang='grc' dir='ltr'><strong>(ἀπ.</strong></span> <span class='ocrx_word' id='word_1_128' title='bbox 638 1935 712 2022; x_wconf 78' lang='lat' dir='ltr'>alp.)</span> <span class='ocrx_word' id='word_1_129' title='bbox 739 1959 865 2020; x_wconf 89' lang='lat' dir='ltr'>parvum</span> <span class='ocrx_word' id='word_1_130' title='bbox 894 1941 1057 2003; x_wconf 87' lang='lat' dir='ltr'>membrum</span> <span class='ocrx_word' id='word_1_131' title='bbox 1083 1947 1148 2002; x_wconf 85' lang='lat' dir='ltr'>erat</span> <span class='ocrx_word' id='word_1_132' title='bbox 1168 1938 1275 2002; x_wconf 81' lang='lat' dir='ltr'>adium</span> <span class='ocrx_word' id='word_1_133' title='bbox 1299 1946 1371 1999; x_wconf 84' lang='lat' dir='ltr'>ante</span> <span class='ocrx_word' id='word_1_134' title='bbox 1392 1936 1516 1998; x_wconf 90' lang='lat' dir='ltr'>cubicu-</span> 
     </span>
     <span class='ocr_line' id='line_1_16' title="bbox 260 2037 1515 2120; baseline -0.003 -18"><span class='ocrx_word' id='word_1_135' title='bbox 260 2038 321 2102; x_wconf 91' lang='lat' dir='ltr'>lum</span> <span class='ocrx_word' id='word_1_136' title='bbox 354 2039 450 2119; x_wconf 92' lang='lat' dir='ltr'>majus</span> <span class='ocrx_word' id='word_1_137' title='bbox 482 2040 583 2104; x_wconf 87' lang='lat' dir='ltr'>situm.</span> <span class='ocrx_word' id='word_1_138' title='bbox 626 2037 791 2104; x_wconf 81' lang='lat' dir='ltr'>Procoeton</span> <span class='ocrx_word' id='word_1_139' title='bbox 823 2041 892 2103; x_wconf 93' lang='lat' dir='ltr'>inde</span> <span class='ocrx_word' id='word_1_140' title='bbox 926 2050 957 2104; x_wconf 88' lang='lat' dir='ltr'>et</span> <span class='ocrx_word' id='word_1_141' title='bbox 989 2041 1156 2105; x_wconf 90' lang='lat' dir='ltr'>cubiculum</span> <span class='ocrx_word' id='word_1_142' title='bbox 1185 2037 1345 2120; x_wconf 81' lang='lat' dir='ltr'>porrigitur</span> <span class='ocrx_word' id='word_1_143' title='bbox 1371 2037 1515 2098; x_wconf 82' lang='grc'><strong>10001001</strong></span> 
     </span>
     <span class='ocr_line' id='line_1_17' title="bbox 217 2133 1420 2224; baseline -0.005 -20"><span class='ocrx_word' id='word_1_144' title='bbox 217 2191 222 2210; x_wconf 82' lang='grc'><strong>.</strong></span> <span class='ocrx_word' id='word_1_145' title='bbox 260 2142 290 2217; x_wconf 90' lang='grc'><strong>2,</strong></span> <span class='ocrx_word' id='word_1_146' title='bbox 315 2134 363 2216; x_wconf 93' lang='grc'><strong>17,</strong></span> <span class='ocrx_word' id='word_1_147' title='bbox 384 2141 433 2202; x_wconf 88' lang='grc'>23.</span> <span class='ocrx_word' id='word_1_148' title='bbox 458 2141 505 2203; x_wconf 90' lang='grc'>10.</span> <span class='ocrx_word' id='word_1_149' title='bbox 528 2141 603 2224; x_wconf 88' lang='lat' dir='ltr'>(Ap.</span> <span class='ocrx_word' id='word_1_150' title='bbox 626 2143 717 2205; x_wconf 87' lang='lat' dir='ltr'>Varr.</span> <span class='ocrx_word' id='word_1_151' title='bbox 740 2143 843 2204; x_wconf 86' lang='lat' dir='ltr'>eadem</span> <span class='ocrx_word' id='word_1_152' title='bbox 866 2161 925 2204; x_wconf 88' lang='lat' dir='ltr'>vox</span> <span class='ocrx_word' id='word_1_153' title='bbox 946 2141 1059 2206; x_wconf 84' lang='lat' dir='ltr'>Graecis</span> <span class='ocrx_word' id='word_1_154' title='bbox 1083 2139 1190 2202; x_wconf 87' lang='lat' dir='ltr'>litteris</span> <span class='ocrx_word' id='word_1_155' title='bbox 1211 2139 1323 2220; x_wconf 87' lang='lat' dir='ltr'>scripta</span> <span class='ocrx_word' id='word_1_156' title='bbox 1345 2133 1420 2221; x_wconf 89' lang='lat' dir='ltr'>est).</span> 
     </span>
    </p>

    <p class='ocr_par' dir='ltr' id='par_1_7' title="bbox 261 2239 1516 2627">
     <span class='ocr_line' id='line_1_18' title="bbox 344 2239 1516 2328; baseline -0.004 -25"><span class='ocrx_word' id='word_1_157' title='bbox 344 2239 552 2326; x_wconf 85' lang='lat' dir='ltr'>Protopraae&#39;a</span> <span class='ocrx_word' id='word_1_158' title='bbox 580 2239 655 2328; x_wconf 79' lang='lat' dir='ltr'>(cla.</span> <span class='ocrx_word' id='word_1_159' title='bbox 677 2241 749 2327; x_wconf 80' lang='grc' dir='ltr'><strong>εῑρ.)</strong></span> <span class='ocrx_word' id='word_1_160' title='bbox 777 2243 930 2306; x_wconf 81' lang='lat' dir='ltr'>dicebatur</span> <span class='ocrx_word' id='word_1_161' title='bbox 955 2244 1004 2323; x_wconf 86' lang='lat' dir='ltr'>jus</span> <span class='ocrx_word' id='word_1_162' title='bbox 1030 2239 1214 2322; x_wconf 89' lang='lat' dir='ltr'>quorundam</span> <span class='ocrx_word' id='word_1_163' title='bbox 1242 2240 1420 2302; x_wconf 86' lang='lat' dir='ltr'>creditorum</span> <span class='ocrx_word' id='word_1_164' title='bbox 1445 2246 1516 2300; x_wconf 90' lang='lat' dir='ltr'>ante</span> 
     </span>
     <span class='ocr_line' id='line_1_19' title="bbox 261 2338 1516 2424; baseline -0.004 -20"><span class='ocrx_word' id='word_1_165' title='bbox 261 2351 376 2404; x_wconf 88' lang='lat' dir='ltr'>ceteras</span> <span class='ocrx_word' id='word_1_166' title='bbox 405 2342 547 2423; x_wconf 88' lang='lat' dir='ltr'>pecunias</span> <span class='ocrx_word' id='word_1_167' title='bbox 569 2365 587 2406; x_wconf 86' lang='lat' dir='ltr'>a</span> <span class='ocrx_word' id='word_1_168' title='bbox 609 2344 793 2408; x_wconf 83' lang='lat' dir='ltr'>debitoribus</span> <span class='ocrx_word' id='word_1_169' title='bbox 817 2344 968 2423; x_wconf 86' lang='lat' dir='ltr'>exigendi,</span> <span class='ocrx_word' id='word_1_170' title='bbox 993 2343 1042 2424; x_wconf 90' lang='lat' dir='ltr'>jus</span> <span class='ocrx_word' id='word_1_171' title='bbox 1065 2343 1166 2423; x_wconf 87' lang='lat' dir='ltr'>primae</span> <span class='ocrx_word' id='word_1_172' title='bbox 1189 2341 1351 2416; x_wconf 91' lang='lat' dir='ltr'>cantionis,</span> <span class='ocrx_word' id='word_1_173' title='bbox 1382 2338 1516 2400; x_wconf 87' lang='lat' dir='ltr'>exectio-</span> 
     </span>
     <span class='ocr_line' id='line_1_20' title="bbox 262 2440 1515 2527; baseline -0.002 -24"><span class='ocrx_word' id='word_1_174' title='bbox 262 2444 318 2505; x_wconf 86' lang='lat' dir='ltr'>nis.</span> <span class='ocrx_word' id='word_1_175' title='bbox 361 2442 469 2504; x_wconf 92' lang='lat' dir='ltr'>Inveni</span> <span class='ocrx_word' id='word_1_176' title='bbox 497 2445 683 2527; x_wconf 89' lang='lat' dir='ltr'>aplerisque</span> <span class='ocrx_word' id='word_1_177' title='bbox 711 2444 936 2527; x_wconf 83' lang='lat' dir='ltr'>proconsulibus</span> <span class='ocrx_word' id='word_1_178' title='bbox 963 2462 1137 2507; x_wconf 87' lang='lat' dir='ltr'>concessam</span> <span class='ocrx_word' id='word_1_179' title='bbox 1159 2443 1194 2504; x_wconf 91' lang='lat' dir='ltr'>iis</span> <span class='ocrx_word' id='word_1_180' title='bbox 1213 2440 1441 2527; x_wconf 82' lang='lat' dir='ltr'>protopraciaa</span> <span class='ocrx_word' id='word_1_181' title='bbox 1469 2441 1515 2514; x_wconf 93' lang='grc'>10,</span> 
     </span>
     <span class='ocr_line' id='line_1_21' title="bbox 265 2540 499 2627; baseline 0.004 -23"><span class='ocrx_word' id='word_1_182' title='bbox 265 2541 323 2604; x_wconf 89' lang='grc'>108</span> <span class='ocrx_word' id='word_1_183' title='bbox 345 2540 448 2627; x_wconf 90' lang='grc'><strong>(109),</strong></span> <span class='ocrx_word' id='word_1_184' title='bbox 473 2544 499 2605; x_wconf 92' lang='lat' dir='ltr'>l.</span> 
     </span>
    </p>

    <p class='ocr_par' dir='ltr' id='par_1_8' title="bbox 255 2640 1516 2929">
     <span class='ocr_line' id='line_1_22' title="bbox 343 2640 1515 2726; baseline -0.003 -20"><span class='ocrx_word' id='word_1_185' title='bbox 343 2640 489 2719; x_wconf 77' lang='lat' dir='ltr'>Zotlreca,</span> <span class='ocrx_word' id='word_1_186' title='bbox 510 2642 673 2710; x_wconf 80' lang='lat' dir='ltr'>Zotlieeala</span> <span class='ocrx_word' id='word_1_187' title='bbox 694 2646 802 2710; x_wconf 89' lang='lat' dir='ltr'>dicitur</span> <span class='ocrx_word' id='word_1_188' title='bbox 823 2647 977 2726; x_wconf 90' lang='lat' dir='ltr'>parvulum</span> <span class='ocrx_word' id='word_1_189' title='bbox 1001 2646 1143 2708; x_wconf 87' lang='lat' dir='ltr'>conclave</span> <span class='ocrx_word' id='word_1_190' title='bbox 1166 2643 1270 2725; x_wconf 88' lang='lat' dir='ltr'>majori</span> <span class='ocrx_word' id='word_1_191' title='bbox 1296 2642 1432 2705; x_wconf 92' lang='lat' dir='ltr'>cubiculo</span> <span class='ocrx_word' id='word_1_192' title='bbox 1460 2643 1515 2704; x_wconf 89' lang='lat' dir='ltr'>ad·</span> 
     </span>
     <span class='ocr_line' id='line_1_23' title="bbox 259 2739 1516 2828; baseline 0 -22"><span class='ocrx_word' id='word_1_193' title='bbox 259 2743 405 2824; x_wconf 87' lang='lat' dir='ltr'>junctum.</span> <span class='ocrx_word' id='word_1_194' title='bbox 448 2745 563 2808; x_wconf 82' lang='lat' dir='ltr'>Contra</span> <span class='ocrx_word' id='word_1_195' title='bbox 585 2747 728 2828; x_wconf 90' lang='lat' dir='ltr'>parietem</span> <span class='ocrx_word' id='word_1_196' title='bbox 751 2739 1320 2820; x_wconf 77' lang='grc'><strong>10001010001100010000112,17,21.</strong></span> <span class='ocrx_word' id='word_1_197' title='bbox 1352 2740 1516 2808; x_wconf 69' lang='lat' dir='ltr'>Zolocerta</span> 
     </span>
     <span class='ocr_line' id='line_1_24' title="bbox 255 2844 1208 2929; baseline 0.001 -22"><span class='ocrx_word' id='word_1_198' title='bbox 255 2844 367 2926; x_wconf 80' lang='lat' dir='ltr'>refugit</span> <span class='ocrx_word' id='word_1_199' title='bbox 388 2845 474 2927; x_wconf 88' lang='lat' dir='ltr'>quasi</span> <span class='ocrx_word' id='word_1_200' title='bbox 495 2847 525 2909; x_wconf 94' lang='lat' dir='ltr'>in</span> <span class='ocrx_word' id='word_1_201' title='bbox 549 2849 716 2914; x_wconf 91' lang='lat' dir='ltr'>cubiculum</span> <span class='ocrx_word' id='word_1_202' title='bbox 739 2848 816 2910; x_wconf 91' lang='lat' dir='ltr'>idem</span> <span class='ocrx_word' id='word_1_203' title='bbox 838 2857 928 2929; x_wconf 90' lang='lat' dir='ltr'>atque</span> <span class='ocrx_word' id='word_1_204' title='bbox 952 2848 1032 2910; x_wconf 91' lang='lat' dir='ltr'>aliud</span> <span class='ocrx_word' id='word_1_205' title='bbox 1055 2846 1085 2922; x_wconf 82' lang='lat'>5,</span> <span class='ocrx_word' id='word_1_206' title='bbox 1106 2845 1136 2921; x_wconf 88' lang='lat'>6,</span> <span class='ocrx_word' id='word_1_207' title='bbox 1158 2846 1208 2908; x_wconf 88' lang='grc'>38.</span> 
     </span>
    </p>
   </div>
   <div class='ocr_carea' id='block_1_3' title="bbox 197 2996 1518 3588">
    <p class='ocr_par' dir='ltr' id='par_1_9' title="bbox 342 2996 774 3079">
     <span class='ocr_line' id='line_1_25' title="bbox 342 2996 774 3079; baseline 0.005 -21"><span class='ocrx_word' id='word_1_208' title='bbox 342 2996 400 3058; x_wconf 91' lang='lat' dir='ltr'>His</span> <span class='ocrx_word' id='word_1_209' title='bbox 423 3017 531 3059; x_wconf 92' lang='lat' dir='ltr'>novam</span> <span class='ocrx_word' id='word_1_210' title='bbox 555 2999 614 3060; x_wconf 87' lang='lat' dir='ltr'>vim</span> <span class='ocrx_word' id='word_1_211' title='bbox 637 2999 774 3079; x_wconf 88' lang='lat' dir='ltr'>subjecit.</span> 
     </span>
    </p>

    <p class='ocr_par' dir='ltr' id='par_1_10' title="bbox 197 3094 1518 3588">
     <span class='ocr_line' id='line_1_26' title="bbox 342 3094 1514 3185; baseline -0.004 -24"><span class='ocrx_word' id='word_1_212' title='bbox 342 3094 503 3161; x_wconf 83' lang='lat' dir='ltr'>Cataracta</span> <span class='ocrx_word' id='word_1_213' title='bbox 534 3101 612 3180; x_wconf 88' lang='lat' dir='ltr'>apud</span> <span class='ocrx_word' id='word_1_214' title='bbox 645 3100 712 3162; x_wconf 90' lang='lat' dir='ltr'>Liv.</span> <span class='ocrx_word' id='word_1_215' title='bbox 739 3094 878 3183; x_wconf 91' lang='grc'><strong>(27,28,</strong></span> <span class='ocrx_word' id='word_1_216' title='bbox 902 3097 957 3185; x_wconf 89' lang='grc'>10)</span> <span class='ocrx_word' id='word_1_217' title='bbox 989 3100 1136 3179; x_wconf 89' lang='lat' dir='ltr'>significat</span> <span class='ocrx_word' id='word_1_218' title='bbox 1168 3098 1330 3160; x_wconf 89' lang='lat' dir='ltr'>claustrum</span> <span class='ocrx_word' id='word_1_219' title='bbox 1364 3096 1514 3178; x_wconf 86' lang='lat' dir='ltr'>quoddam</span> 
     </span>
     <span class='ocr_line' id='line_1_27' title="bbox 258 3196 1515 3282; baseline -0.002 -22"><span class='ocrx_word' id='word_1_220' title='bbox 258 3206 353 3278; x_wconf 87' lang='lat' dir='ltr'>portae</span> <span class='ocrx_word' id='word_1_221' title='bbox 385 3200 480 3274; x_wconf 88' lang='lat' dir='ltr'>urbis,</span> <span class='ocrx_word' id='word_1_222' title='bbox 511 3201 591 3282; x_wconf 87' lang='lat' dir='ltr'>apud</span> <span class='ocrx_word' id='word_1_223' title='bbox 614 3201 694 3263; x_wconf 88' lang='lat' dir='ltr'>Vitr.</span> <span class='ocrx_word' id='word_1_224' title='bbox 717 3201 845 3263; x_wconf 66' lang='lat' dir='ltr'>et‘Plin.</span> <span class='ocrx_word' id='word_1_225' title='bbox 868 3202 938 3282; x_wconf 85' lang='lat' dir='ltr'>maj.</span> <span class='ocrx_word' id='word_1_226' title='bbox 961 3211 1119 3282; x_wconf 90' lang='lat' dir='ltr'>angustum</span> <span class='ocrx_word' id='word_1_227' title='bbox 1147 3207 1177 3261; x_wconf 89' lang='lat' dir='ltr'>et</span> <span class='ocrx_word' id='word_1_228' title='bbox 1206 3205 1389 3279; x_wconf 80' lang='lat' dir='ltr'>praeruptum</span> <span class='ocrx_word' id='word_1_229' title='bbox 1418 3196 1515 3258; x_wconf 90' lang='lat' dir='ltr'>locum</span> 
     </span>
     <span class='ocr_line' id='line_1_28' title="bbox 197 3297 1516 3382; baseline -0.002 -22"><span class='ocrx_word' id='word_1_230' title='bbox 197 3323 199 3332; x_wconf 39' lang='grc' dir='ltr'>ι</span> <span class='ocrx_word' id='word_1_231' title='bbox 258 3299 403 3374; x_wconf 83' lang='grc' dir='ltr'><strong>110101οἰ0,</strong></span> <span class='ocrx_word' id='word_1_232' title='bbox 427 3302 503 3363; x_wconf 91' lang='lat' dir='ltr'>unde</span> <span class='ocrx_word' id='word_1_233' title='bbox 526 3321 604 3382; x_wconf 89' lang='lat' dir='ltr'>aqua</span> <span class='ocrx_word' id='word_1_234' title='bbox 626 3321 731 3381; x_wconf 92' lang='lat' dir='ltr'>magno</span> <span class='ocrx_word' id='word_1_235' title='bbox 753 3302 866 3382; x_wconf 92' lang='lat' dir='ltr'>impetu</span> <span class='ocrx_word' id='word_1_236' title='bbox 888 3301 1002 3376; x_wconf 87' lang='lat' dir='ltr'>desilit,</span> <span class='ocrx_word' id='word_1_237' title='bbox 1023 3302 1103 3382; x_wconf 84' lang='lat' dir='ltr'>apud</span> <span class='ocrx_word' id='word_1_238' title='bbox 1123 3299 1253 3362; x_wconf 88' lang='lat' dir='ltr'>Plinium</span> <span class='ocrx_word' id='word_1_239' title='bbox 1270 3298 1414 3360; x_wconf 86' lang='lat' dir='ltr'>minorem</span> <span class='ocrx_word' id='word_1_240' title='bbox 1431 3297 1516 3359; x_wconf 91' lang='lat' dir='ltr'>clau-</span> 
     </span>
     <span class='ocr_line' id='line_1_29' title="bbox 259 3398 1518 3483; baseline -0.001 -23"><span class='ocrx_word' id='word_1_241' title='bbox 259 3409 324 3461; x_wconf 88' lang='lat' dir='ltr'>stra</span> <span class='ocrx_word' id='word_1_242' title='bbox 356 3401 396 3462; x_wconf 87' lang='lat' dir='ltr'>ad</span> <span class='ocrx_word' id='word_1_243' title='bbox 430 3421 547 3464; x_wconf 88' lang='lat' dir='ltr'>cursum</span> <span class='ocrx_word' id='word_1_244' title='bbox 581 3422 664 3483; x_wconf 81' lang='lat' dir='ltr'>aqua</span> <span class='ocrx_word' id='word_1_245' title='bbox 696 3401 826 3464; x_wconf 88' lang='lat' dir='ltr'>fluminis</span> <span class='ocrx_word' id='word_1_246' title='bbox 859 3403 1085 3483; x_wconf 87' lang='lat' dir='ltr'>temperandum</span> <span class='ocrx_word' id='word_1_247' title='bbox 1109 3402 1198 3464; x_wconf 87' lang='lat' dir='ltr'>facta.</span> <span class='ocrx_word' id='word_1_248' title='bbox 1241 3398 1423 3478; x_wconf 81' lang='lat' dir='ltr'>Expeditum</span> <span class='ocrx_word' id='word_1_249' title='bbox 1449 3405 1518 3460; x_wconf 88' lang='lat' dir='ltr'>erat</span> 
     </span>
     <span class='ocr_line' id='line_1_30' title="bbox 258 3499 1140 3588; baseline -0.001 -24"><span class='ocrx_word' id='word_1_250' title='bbox 258 3499 417 3564; x_wconf 81' lang='lat' dir='ltr'>cataractis</span> <span class='ocrx_word' id='word_1_251' title='bbox 438 3521 523 3583; x_wconf 81' lang='lat' dir='ltr'>aquea</span> <span class='ocrx_word' id='word_1_252' title='bbox 545 3523 663 3566; x_wconf 91' lang='lat' dir='ltr'>cursum</span> <span class='ocrx_word' id='word_1_253' title='bbox 685 3513 850 3583; x_wconf 90' lang='lat' dir='ltr'>temperare</span> <span class='ocrx_word' id='word_1_254' title='bbox 875 3502 924 3576; x_wconf 94' lang='grc'>10,</span> <span class='ocrx_word' id='word_1_255' title='bbox 945 3501 981 3564; x_wconf 92' lang='grc'><strong>61</strong></span> <span class='ocrx_word' id='word_1_256' title='bbox 1007 3500 1089 3588; x_wconf 88' lang='grc'><strong>(69),</strong></span> <span class='ocrx_word' id='word_1_257' title='bbox 1111 3502 1140 3564; x_wconf 90' lang='grc'>4.</span> 
     </span>
    </p>
   </div>
   <div class='ocr_carea' id='block_1_4' title="bbox 258 3615 1519 3905">
    <p class='ocr_par' dir='ltr' id='par_1_11' title="bbox 258 3615 1519 3905">
     <span class='ocr_line' id='line_1_31' title="bbox 340 3615 1519 3702; baseline -0.003 -20"><span class='ocrx_word' id='word_1_258' title='bbox 340 3615 447 3682; x_wconf 82' lang='lat' dir='ltr'>Crater</span> <span class='ocrx_word' id='word_1_259' title='bbox 468 3620 613 3701; x_wconf 88' lang='lat' dir='ltr'>praecipue</span> <span class='ocrx_word' id='word_1_260' title='bbox 636 3620 715 3702; x_wconf 90' lang='lat' dir='ltr'>apud</span> <span class='ocrx_word' id='word_1_261' title='bbox 736 3626 841 3700; x_wconf 77' lang='lat' dir='ltr'>politas</span> <span class='ocrx_word' id='word_1_262' title='bbox 870 3619 977 3682; x_wconf 90' lang='lat' dir='ltr'>dicitur</span> <span class='ocrx_word' id='word_1_263' title='bbox 998 3628 1053 3682; x_wconf 85' lang='lat' dir='ltr'>aut</span> <span class='ocrx_word' id='word_1_264' title='bbox 1074 3637 1143 3690; x_wconf 90' lang='lat' dir='ltr'>vas,</span> <span class='ocrx_word' id='word_1_265' title='bbox 1175 3618 1205 3680; x_wconf 93' lang='grc'>10</span> <span class='ocrx_word' id='word_1_266' title='bbox 1235 3635 1292 3697; x_wconf 92' lang='lat' dir='ltr'>quo</span> <span class='ocrx_word' id='word_1_267' title='bbox 1314 3635 1395 3697; x_wconf 91' lang='lat' dir='ltr'>aqua</span> <span class='ocrx_word' id='word_1_268' title='bbox 1417 3625 1448 3678; x_wconf 93' lang='lat' dir='ltr'>et</span> <span class='ocrx_word' id='word_1_269' title='bbox 1471 3616 1519 3678; x_wconf 89' lang='lat' dir='ltr'>vi-</span> 
     </span>
     <span class='ocr_line' id='line_1_32' title="bbox 259 3717 1519 3802; baseline -0.002 -21"><span class='ocrx_word' id='word_1_270' title='bbox 259 3739 327 3782; x_wconf 93' lang='lat' dir='ltr'>num</span> <span class='ocrx_word' id='word_1_271' title='bbox 351 3719 441 3782; x_wconf 87' lang='lat' dir='ltr'>aliive</span> <span class='ocrx_word' id='word_1_272' title='bbox 464 3720 593 3802; x_wconf 90' lang='lat' dir='ltr'>liquores</span> <span class='ocrx_word' id='word_1_273' title='bbox 615 3721 820 3784; x_wconf 87' lang='lat' dir='ltr'>miscentnret</span> <span class='ocrx_word' id='word_1_274' title='bbox 834 3729 1050 3801; x_wconf 85' lang='lat' dir='ltr'>temperantur,</span> <span class='ocrx_word' id='word_1_275' title='bbox 1070 3728 1123 3782; x_wconf 88' lang='lat' dir='ltr'>eut</span> <span class='ocrx_word' id='word_1_276' title='bbox 1138 3737 1170 3780; x_wconf 91' lang='lat' dir='ltr'>os</span> <span class='ocrx_word' id='word_1_277' title='bbox 1186 3717 1310 3790; x_wconf 91' lang='lat' dir='ltr'>montis,</span> <span class='ocrx_word' id='word_1_278' title='bbox 1333 3717 1519 3779; x_wconf 81' lang='grc'><strong>000011010-</strong></span> 
     </span>
     <span class='ocr_line' id='line_1_33' title="bbox 258 3816 1519 3905; baseline -0.002 -23"><span class='ocrx_word' id='word_1_279' title='bbox 258 3831 530 3896; x_wconf 77' lang='grc'><strong>1000100100101,</strong></span> <span class='ocrx_word' id='word_1_280' title='bbox 559 3822 611 3884; x_wconf 88' lang='lat' dir='ltr'>sed</span> <span class='ocrx_word' id='word_1_281' title='bbox 639 3823 718 3902; x_wconf 90' lang='lat' dir='ltr'>apud</span> <span class='ocrx_word' id='word_1_282' title='bbox 748 3821 877 3884; x_wconf 92' lang='lat' dir='ltr'>Plinium</span> <span class='ocrx_word' id='word_1_283' title='bbox 907 3830 952 3882; x_wconf 89' lang='lat' dir='ltr'>est</span> <span class='ocrx_word' id='word_1_284' title='bbox 977 3816 1197 3905; x_wconf 84' lang='lat' dir='ltr'>receptaculum</span> <span class='ocrx_word' id='word_1_285' title='bbox 1221 3838 1317 3902; x_wconf 83' lang='lat' dir='ltr'>aqua.</span> <span class='ocrx_word' id='word_1_286' title='bbox 1366 3818 1402 3879; x_wconf 94' lang='lat' dir='ltr'>In</span> <span class='ocrx_word' id='word_1_287' title='bbox 1432 3819 1519 3880; x_wconf 81' lang='lat' dir='ltr'>fonte</span> 
     </span>
    </p>
   </div>
   <div class='ocr_carea' id='block_1_5' title="bbox 257 3917 986 4007">
    <p class='ocr_par' dir='ltr' id='par_1_12' title="bbox 257 3917 986 4007">
     <span class='ocr_line' id='line_1_34' title="bbox 257 3917 986 4007; baseline -0.004 -22"><span class='ocrx_word' id='word_1_288' title='bbox 257 3931 355 3986; x_wconf 81' lang='lat' dir='ltr'>acar</span> <span class='ocrx_word' id='word_1_289' title='bbox 375 3921 405 3997; x_wconf 84' lang='lat' dir='ltr'>o,</span> <span class='ocrx_word' id='word_1_290' title='bbox 427 3920 457 3997; x_wconf 91' lang='lat'>6,</span> <span class='ocrx_word' id='word_1_291' title='bbox 479 3923 527 3985; x_wconf 88' lang='grc'>23.</span> <span class='ocrx_word' id='word_1_292' title='bbox 561 3920 639 4007; x_wconf 82' lang='lat' dir='ltr'>(ca.</span> <span class='ocrx_word' id='word_1_293' title='bbox 661 3922 723 3985; x_wconf 80' lang='grc'><strong>(110.</strong></span> <span class='ocrx_word' id='word_1_294' title='bbox 746 3922 814 3984; x_wconf 88' lang='grc' dir='ltr'><strong>Α11.</strong></span> <span class='ocrx_word' id='word_1_295' title='bbox 836 3924 866 3997; x_wconf 95' lang='grc'>2,</span> <span class='ocrx_word' id='word_1_296' title='bbox 887 3921 918 3996; x_wconf 91' lang='grc'>8,</span> <span class='ocrx_word' id='word_1_297' title='bbox 940 3917 986 4005; x_wconf 87' lang='grc'>2).</span> 
     </span>
    </p>
   </div>
   <div class='ocr_carea' id='block_1_6' title="bbox 257 4034 1518 4424">
    <p class='ocr_par' dir='ltr' id='par_1_13' title="bbox 257 4034 1518 4424">
     <span class='ocr_line' id='line_1_35' title="bbox 340 4034 1518 4124; baseline -0.003 -23"><span class='ocrx_word' id='word_1_298' title='bbox 340 4037 559 4124; x_wconf 75' lang='lat' dir='ltr'>Padapopr&#39;am</span> <span class='ocrx_word' id='word_1_299' title='bbox 580 4038 657 4100; x_wconf 86' lang='lat' dir='ltr'>dixit</span> <span class='ocrx_word' id='word_1_300' title='bbox 678 4039 788 4113; x_wconf 89' lang='lat' dir='ltr'>locum,</span> <span class='ocrx_word' id='word_1_301' title='bbox 810 4038 861 4101; x_wconf 90' lang='lat' dir='ltr'>ubi</span> <span class='ocrx_word' id='word_1_302' title='bbox 883 4037 1062 4101; x_wconf 88' lang='lat' dir='ltr'>habitabant</span> <span class='ocrx_word' id='word_1_303' title='bbox 1083 4037 1192 4098; x_wconf 91' lang='lat' dir='ltr'>servuli</span> <span class='ocrx_word' id='word_1_304' title='bbox 1214 4034 1308 4099; x_wconf 89' lang='lat' dir='ltr'>teneri</span> <span class='ocrx_word' id='word_1_305' title='bbox 1329 4044 1360 4098; x_wconf 92' lang='grc'>01</span> <span class='ocrx_word' id='word_1_306' title='bbox 1382 4036 1518 4117; x_wconf 91' lang='lat' dir='ltr'>pulchri,</span> 
     </span>
     <span class='ocr_line' id='line_1_36' title="bbox 257 4136 1517 4222; baseline -0.003 -20"><span class='ocrx_word' id='word_1_307' title='bbox 257 4138 306 4220; x_wconf 91' lang='lat' dir='ltr'>qni</span> <span class='ocrx_word' id='word_1_308' title='bbox 339 4140 499 4221; x_wconf 72' lang='lat' dir='ltr'>paedagoga</span> <span class='ocrx_word' id='word_1_309' title='bbox 532 4146 645 4202; x_wconf 89' lang='lat' dir='ltr'>rectore</span> <span class='ocrx_word' id='word_1_310' title='bbox 677 4139 915 4202; x_wconf 88' lang='lat' dir='ltr'>instituebantur</span> <span class='ocrx_word' id='word_1_311' title='bbox 947 4140 984 4201; x_wconf 93' lang='lat' dir='ltr'>ad</span> <span class='ocrx_word' id='word_1_312' title='bbox 1018 4138 1183 4222; x_wconf 87' lang='lat' dir='ltr'>ministeria</span> <span class='ocrx_word' id='word_1_313' title='bbox 1215 4137 1349 4218; x_wconf 70' lang='lat' dir='ltr'>quaedam</span> <span class='ocrx_word' id='word_1_314' title='bbox 1383 4136 1517 4200; x_wconf 84' lang='lat' dir='ltr'>lautiora</span> 
     </span>
     <span class='ocr_line' id='line_1_37' title="bbox 257 4231 1514 4322; baseline -0.005 -18"><span class='ocrx_word' id='word_1_315' title='bbox 257 4242 403 4304; x_wconf 88' lang='lat' dir='ltr'>obeunda.</span> <span class='ocrx_word' id='word_1_316' title='bbox 447 4241 526 4302; x_wconf 84' lang='lat' dir='ltr'>Puer</span> <span class='ocrx_word' id='word_1_317' title='bbox 556 4238 587 4302; x_wconf 92' lang='grc'>10</span> <span class='ocrx_word' id='word_1_318' title='bbox 615 4239 793 4322; x_wconf 72' lang='lat' dir='ltr'>pedagogio</span> <span class='ocrx_word' id='word_1_319' title='bbox 825 4240 937 4302; x_wconf 83' lang='lat' dir='ltr'>mixtus</span> <span class='ocrx_word' id='word_1_320' title='bbox 969 4239 1102 4319; x_wconf 87' lang='lat' dir='ltr'>pluribus</span> <span class='ocrx_word' id='word_1_321' title='bbox 1135 4237 1304 4300; x_wconf 88' lang='lat' dir='ltr'>dormiebat</span> <span class='ocrx_word' id='word_1_322' title='bbox 1336 4232 1367 4312; x_wconf 92' lang='grc'>7,</span> <span class='ocrx_word' id='word_1_323' title='bbox 1388 4231 1441 4313; x_wconf 90' lang='grc'>27,</span> <span class='ocrx_word' id='word_1_324' title='bbox 1468 4238 1514 4300; x_wconf 90' lang='grc'>13.</span> 
     </span>
     <span class='ocr_line' id='line_1_38' title="bbox 257 4334 1393 4424; baseline -0.002 -22"><span class='ocrx_word' id='word_1_325' title='bbox 257 4339 364 4424; x_wconf 92' lang='lat' dir='ltr'>(Apud</span> <span class='ocrx_word' id='word_1_326' title='bbox 385 4340 456 4404; x_wconf 90' lang='lat' dir='ltr'>Seu.</span> <span class='ocrx_word' id='word_1_327' title='bbox 478 4340 555 4402; x_wconf 92' lang='lat' dir='ltr'>Plin.</span> <span class='ocrx_word' id='word_1_328' title='bbox 578 4340 646 4420; x_wconf 86' lang='lat' dir='ltr'>maj.</span> <span class='ocrx_word' id='word_1_329' title='bbox 670 4340 755 4403; x_wconf 87' lang='lat' dir='ltr'>Suet.</span> <span class='ocrx_word' id='word_1_330' title='bbox 777 4340 884 4402; x_wconf 88' lang='lat' dir='ltr'>talium</span> <span class='ocrx_word' id='word_1_331' title='bbox 905 4359 1055 4402; x_wconf 88' lang='lat' dir='ltr'>servornm</span> <span class='ocrx_word' id='word_1_332' title='bbox 1078 4348 1196 4402; x_wconf 90' lang='lat' dir='ltr'>coetum</span> <span class='ocrx_word' id='word_1_333' title='bbox 1218 4334 1393 4422; x_wconf 83' lang='lat' dir='ltr'>significat).</span> 
     </span>
    </p>
   </div>
   <div class='ocr_carea' id='block_1_7' title="bbox 257 4454 1512 4740">
    <p class='ocr_par' dir='ltr' id='par_1_14' title="bbox 257 4454 1512 4740">
     <span class='ocr_line' id='line_1_39' title="bbox 339 4454 1512 4542; baseline -0.003 -22"><span class='ocrx_word' id='word_1_334' title='bbox 339 4456 429 4542; x_wconf 76' lang='lat' dir='ltr'>Sipo,</span> <span class='ocrx_word' id='word_1_335' title='bbox 455 4475 521 4539; x_wconf 83' lang='lat' dir='ltr'>quae</span> <span class='ocrx_word' id='word_1_336' title='bbox 543 4477 602 4520; x_wconf 91' lang='lat' dir='ltr'>vox</span> <span class='ocrx_word' id='word_1_337' title='bbox 627 4456 744 4538; x_wconf 89' lang='lat' dir='ltr'>proprie</span> <span class='ocrx_word' id='word_1_338' title='bbox 766 4456 915 4537; x_wconf 88' lang='lat' dir='ltr'>significat</span> <span class='ocrx_word' id='word_1_339' title='bbox 936 4457 1083 4530; x_wconf 87' lang='lat' dir='ltr'>fistulam,</span> <span class='ocrx_word' id='word_1_340' title='bbox 1111 4477 1163 4536; x_wconf 92' lang='lat' dir='ltr'>per</span> <span class='ocrx_word' id='word_1_341' title='bbox 1184 4475 1272 4537; x_wconf 84' lang='lat' dir='ltr'>qnam</span> <span class='ocrx_word' id='word_1_342' title='bbox 1295 4473 1375 4535; x_wconf 86' lang='lat' dir='ltr'>equa</span> <span class='ocrx_word' id='word_1_343' title='bbox 1396 4454 1443 4539; x_wconf 88' lang='lat' dir='ltr'>(in</span> <span class='ocrx_word' id='word_1_344' title='bbox 1466 4454 1512 4517; x_wconf 87' lang='lat' dir='ltr'>al-</span> 
     </span>
     <span class='ocr_line' id='line_1_40' title="bbox 257 4553 1507 4641; baseline -0.003 -21"><span class='ocrx_word' id='word_1_345' title='bbox 257 4553 338 4641; x_wconf 89' lang='lat' dir='ltr'>tum)</span> <span class='ocrx_word' id='word_1_346' title='bbox 361 4559 478 4622; x_wconf 86' lang='lat' dir='ltr'>ducitur</span> <span class='ocrx_word' id='word_1_347' title='bbox 500 4557 624 4641; x_wconf 81' lang='lat' dir='ltr'>(Sneth.</span> <span class='ocrx_word' id='word_1_348' title='bbox 647 4554 770 4641; x_wconf 91' lang='lat' dir='ltr'>Pump),</span> <span class='ocrx_word' id='word_1_349' title='bbox 802 4567 871 4638; x_wconf 89' lang='lat' dir='ltr'>pest</span> <span class='ocrx_word' id='word_1_350' title='bbox 892 4557 1023 4638; x_wconf 83' lang='lat' dir='ltr'>Augusti</span> <span class='ocrx_word' id='word_1_351' title='bbox 1045 4559 1161 4618; x_wconf 91' lang='lat' dir='ltr'>demum</span> <span class='ocrx_word' id='word_1_352' title='bbox 1183 4565 1303 4620; x_wconf 83' lang='lat' dir='ltr'>atatem</span> <span class='ocrx_word' id='word_1_353' title='bbox 1327 4556 1356 4617; x_wconf 94' lang='lat' dir='ltr'>in</span> <span class='ocrx_word' id='word_1_354' title='bbox 1381 4555 1507 4636; x_wconf 89' lang='lat' dir='ltr'>linguam</span> 
     </span>
     <span class='ocr_line' id='line_1_41' title="bbox 257 4653 1507 4740; baseline -0.003 -20"><span class='ocrx_word' id='word_1_355' title='bbox 257 4657 441 4740; x_wconf 86' lang='lat' dir='ltr'>immigrasse</span> <span class='ocrx_word' id='word_1_356' title='bbox 470 4657 599 4735; x_wconf 85' lang='lat' dir='ltr'>videtur,</span> <span class='ocrx_word' id='word_1_357' title='bbox 632 4677 700 4722; x_wconf 88' lang='lat' dir='ltr'>uam</span> <span class='ocrx_word' id='word_1_358' title='bbox 728 4657 790 4721; x_wconf 80' lang='lat' dir='ltr'>Cic.</span> <span class='ocrx_word' id='word_1_359' title='bbox 813 4658 880 4721; x_wconf 86' lang='lat' dir='ltr'>Fin.</span> <span class='ocrx_word' id='word_1_360' title='bbox 901 4662 931 4735; x_wconf 92' lang='grc'>2,</span> <span class='ocrx_word' id='word_1_361' title='bbox 950 4657 983 4734; x_wconf 93' lang='grc'>8,</span> <span class='ocrx_word' id='word_1_362' title='bbox 1004 4658 1044 4718; x_wconf 90' lang='grc'><strong>23</strong></span> <span class='ocrx_word' id='word_1_363' title='bbox 1072 4657 1159 4720; x_wconf 88' lang='grc'><strong>100110</strong></span> <span class='ocrx_word' id='word_1_364' title='bbox 1181 4657 1298 4720; x_wconf 83' lang='grc'><strong>1000110</strong></span> <span class='ocrx_word' id='word_1_365' title='bbox 1318 4664 1375 4718; x_wconf 91' lang='lat' dir='ltr'>est.</span> <span class='ocrx_word' id='word_1_366' title='bbox 1420 4653 1507 4736; x_wconf 90' lang='lat' dir='ltr'>Apud</span> 
     </span>
    </p>
   </div>
   <div class='ocr_carea' id='block_1_8' title="bbox 0 0 1636 5332">
    <p class='ocr_par' dir='ltr' id='par_1_15' title="bbox 0 0 1636 5332">
     <span class='ocr_line' id='line_1_42' title="bbox 0 0 1636 5332; baseline 0 2"><span class='ocrx_word' id='word_1_367' title='bbox 0 0 1636 5332; x_wconf 95' lang='lat' dir='ltr'> </span> 
     </span>
    </p>
   </div>
  </div>
 </body>
</html>
