3264 5332
315 457 354 513 34
803 462 829 517 J.
852 461 883 517 P.
907 461 1074 534 Lagergreu.

314 647 389 692 vera
417 631 553 694 felicitas
584 631 735 694 felicitate
762 632 889 713 dignum
922 633 1022 697 videri
1051 637 1128 698 Pan.
1154 628 1204 698 74.
1254 634 1447 713 Voluptates
1479 639 1567 704 sunt,

314 731 510 814 voluptates,
544 731 658 813 quibus
682 732 797 814 optime
821 735 858 794 de
885 734 1031 816 cujusque
1065 736 1223 816 gravitate
1251 735 1420 796 sanctitate
1444 741 1567 812 tempe-

313 831 419 895 rantia
441 832 578 896 creditur
599 834 678 896 Pan.
700 832 749 896 82.
792 834 900 897 Habet
921 835 981 898 hoc
1006 837 1137 916 primum
1163 855 1278 916 magna
1307 836 1451 907 fortuna,
1485 833 1565 913 quod

313 931 391 996 nihil
424 941 553 1008 tectum,
586 934 664 996 nihil
693 935 846 997 occultum
876 955 944 997 esse
978 935 1099 1017 patitur
1127 937 1202 999 Pan.
1223 936 1274 999 83.
1317 933 1406 998 Nihil
1430 942 1479 996 est
1500 941 1566 995 tam

312 1051 442 1114 pronum
477 1035 517 1097 ad
550 1035 728 1098 simultates
755 1055 847 1117 quam
879 1035 1052 1111 aemulatio,
1085 1038 1116 1100 io
1141 1037 1267 1100 leminis
1289 1035 1464 1117 presertim
1486 1035 1567 1097 Pan.

311 1131 362 1196 84.
406 1135 501 1216 Pejor
528 1136 600 1198 odio
624 1136 740 1198 amoris
763 1135 921 1199 simulatio
945 1139 1022 1200 Pau.
1044 1137 1095 1200 85.
1139 1137 1269 1210 Amori,
1292 1137 1354 1200 nisi
1377 1136 1444 1216 ipse
1467 1143 1567 1209 amet,

312 1251 370 1298 uon
395 1242 501 1315 potest
522 1235 602 1298 Ibid.

394 1334 697 1400 ’'similitudinibus''
720 1356 842 1420 quoque
865 1339 983 1402 crebris
999 1338 1102 1401 oratio
1117 1338 1215 1402 Plinii
1231 1345 1280 1400 est
1295 1336 1464 1410 distincta,
1487 1354 1566 1416 qua-

312 1454 378 1499 rum
400 1435 542 1519 quidem,
565 1456 634 1500 oum
657 1437 814 1519 longiores
836 1437 916 1512 sint,
945 1448 1076 1522 propter
1097 1438 1195 1520 spatii
1219 1439 1383 1520 angustias
1406 1456 1468 1500 nou
1490 1455 1567 1516 pos-

311 1555 380 1599 sum
402 1537 462 1600 nisi
485 1557 643 1620 perpauca
664 1540 780 1602 afferre
804 1540 963 1621 exempla:

393 1637 437 1702 Ut
460 1639 583 1721 corpori
608 1640 738 1714 ferrum,
760 1642 807 1702 sic
829 1642 930 1702 oratio
955 1640 1058 1704 auimo
1080 1659 1141 1703 non
1163 1641 1228 1703 ictu
1251 1639 1349 1720 magis
1372 1658 1463 1721 quam
1481 1657 1568 1701 rurore

311 1737 499 1817 imprimitur
516 1742 541 1814 1,
556 1741 607 1813 20,
623 1741 651 1802 3.
674 1740 755 1823 (Ofr.
772 1741 848 1803 ibid.
868 1740 928 1825 16).
961 1742 1006 1806 Ut
1028 1749 1130 1804 certus
1153 1741 1289 1804 siderum
1313 1759 1424 1803 cursus
1439 1739 1567 1802 itavita

310 1837 470 1902 homiuum
493 1840 650 1922 disposita
671 1841 809 1904 delectat
830 1843 865 1916 3,
890 1844 922 1916 l,
944 1844 973 1906 2.
1017 1844 1062 1906 Ut
1090 1844 1175 1904 faces
1203 1842 1305 1922 ignem
1333 1841 1467 1902 adsidua
1489 1859 1566 1901 con-

310 1937 454 2003 cussione
471 1941 669 2016 custodiunt,
692 1942 852 2004 dimissum
869 1943 1029 2023 aegerrime
1044 1949 1210 2022 reparant,
1226 1942 1272 2003 sic
1287 1949 1320 2004 et
1334 1941 1467 2004 dicentis
1480 1941 1567 2002 calor

310 2047 342 2101 et
364 2041 522 2104 audientis
545 2042 677 2104 intentio
701 2043 936 2105 continuatione
963 2051 1123 2118 servatur,
1152 2041 1388 2122 intercapedine
1415 2050 1446 2102 et
1473 2041 1565 2122 qnasi

309 2141 495 2204 remissione
517 2141 692 2223 languescit
712 2142 743 2217 4,
759 2140 789 2218 9,
808 2144 853 2206 ll.
896 2143 942 2208 Ut
962 2144 994 2206 in
1019 2141 1206 2224 corporibus'
1222 2142 1268 2204 sio
1288 2143 1321 2204 in
1336 2141 1468 2222 imperio
1491 2161 1566 2222 gra-

308 2241 455 2304 vissimus
479 2249 528 2305 est
549 2244 674 2306 morbus
697 2242 750 2325 qui
774 2263 793 2304 a
821 2244 923 2327 capite
952 2244 1141 2307 diffunditur
1168 2243 1198 2312 4,
1221 2245 1271 2317 22,
1294 2237 1322 2305 7.
1367 2243 1412 2306 Ut
1434 2243 1563 2305 crudum

309 2343 411 2406 adhuc
434 2343 543 2406 vulnus
559 2343 748 2406 medentium
763 2363 874 2409 manus
890 2345 1086 2418 reformidat,
1110 2345 1221 2407 deinde
1236 2344 1359 2424 patitur
1373 2350 1467 2425 atque
1482 2342 1565 2406 ultro

312 2443 457 2526 requirit,
478 2443 524 2506 sio
546 2462 654 2506 recens
669 2444 765 2507 animi
789 2446 878 2509 dolor
899 2445 1133 2508 consolationes
1155 2444 1247 2508 reicit
1268 2463 1305 2506 ae
1326 2444 1457 2524 refugit,
1491 2463 1566 2506 mox

312 2545 472 2607 desiderat
494 2551 527 2606 et
548 2545 714 2608 clementer
736 2545 870 2609 admotis
886 2533 1060 2628 adquiescit
1080 2545 1110 2620 5,
1137 2546 1182 2620 16,
1208 2546 1255 2607 ll.
1297 2545 1342 2609 Ut
1357 2554 1448 2608 ternu
1464 2544 1564 2606 variis

312 2646 505 2728 mutatisque
520 2645 703 2720 seminibus,
725 2646 771 2709 ita
792 2647 919 2728 ingenia
942 2656 1051 2710 nostra
1072 2667 1155 2710 nunc
1176 2647 1236 2708 hac
1257 2665 1337 2708 nnnc
1357 2645 1413 2707 illa
1428 2646 1565 2707 medita-

311 2746 397 2810 tione
419 2747 599 2812 recoluutur
612 2741 643 2820 7,
658 2747 688 2821 9,
702 2741 731 2808 7.
775 2747 865 2811 Sicut
880 2749 976 2811 maris
992 2748 1118 2827 oaelique
1134 2748 1316 2828 temperiem
1330 2746 1470 2809 turbines
1481 2755 1564 2808 tem-

310 2854 513 2930 pestatesque
535 2849 773 2921 commendant,
794 2848 842 2910 ita
864 2848 904 2911 ad
927 2849 1102 2930 augendam
1124 2848 1213 2929 pacis
1235 2855 1295 2910 tuoe
1314 2848 1453 2927 gratiam
1477 2846 1564 2909 illum

311 2949 479 3011 tumultum
493 2949 692 3032 precessisse
712 2949 896 3012 crediderim
918 2950 998 3013 Pan.
1021 2949 1050 3011 5.
1093 2949 1153 3012 Est
1174 2949 1240 3011 haeo
1262 2955 1378 3010 natura
1399 2946 1566 3020 sideribus,

310 3059 346 3111 ut
367 3069 467 3132 parva
489 3057 521 3112 et
543 3049 640 3112 exilia
661 3049 850 3113 validiorum
871 3058 1000 3112 exortus
1017 3051 1176 3112 obscuret:
1199 3049 1346 3110 similitor
1361 3047 1564 3128 imperatoris

310 3150 447 3213 adventu
469 3150 642 3231 legatorum
666 3150 802 3231 dignitas
825 3151 1026 3213 inumbratur
1048 3152 1127 3213 Pan.
1153 3149 1201 3212 19.
1244 3149 1355 3230 Neque
1377 3168 1398 3209 a
1418 3158 1449 3210 te
1472 3147 1564 3210 liberi

310 3250 442 3325 civium,
464 3260 499 3314 ut
519 3251 656 3314 serarum
680 3251 793 3326 catuli,
816 3251 969 3331 sanguiue
993 3256 1027 3312 et
1048 3249 1184 3312 oedibus
1207 3250 1389 3312 nutriuntur
1410 3250 1490 3313 Pau.
1513 3244 1564 3311 27.

310 3352 357 3413 Tu
373 3351 465 3414 simul
481 3351 587 3414 omnia
602 3351 787 3432 profudisti,
809 3360 846 3414 ut
859 3351 906 3414 sol
923 3358 956 3413 et
970 3350 1038 3412 dies
1054 3369 1115 3411 uon
1131 3358 1222 3430 parte
1238 3351 1359 3431 aliqua,
1381 3350 1437 3411 sed
1452 3348 1562 3410 statim

308 3457 405 3527 totus,
426 3472 482 3516 uec
504 3452 558 3515 uui
581 3459 637 3514 aut
659 3452 751 3515 alteri
774 3453 829 3515 sed
853 3452 994 3514 omuibus
1016 3451 1049 3514 iu
1070 3469 1226 3512 commuue
1241 3451 1401 3531 profertur
1415 3450 1496 3513 Pau.
1512 3449 1563 3511 35.

393 3552 518 3616 Plinius
540 3560 662 3627 autem,
695 3571 764 3615 cum
788 3552 957 3616 elaborata
980 3550 1185 3614 concinnitati
1207 3553 1350 3614 studeret
1372 3557 1404 3612 et
1425 3550 1458 3611 id
1480 3567 1564 3630 praa·

309 3652 397 3735 cipue
421 3660 542 3735 ageret,
565 3662 712 3736 utquam
735 3654 870 3717 maxime
892 3653 981 3734 quasi
1005 3651 1178 3714 eminerent
1199 3660 1290 3733 atque
1313 3658 1475 3713 exstarent
1496 3650 1563 3712 sin-

308 3755 382 3835 gula
402 3755 510 3830 verba,
532 3754 564 3817 in
587 3754 700 3836 quibus
723 3754 831 3836 aliqua
853 3754 902 3816 vis
917 3753 1037 3816 inesset
1051 3773 1087 3815 ac
1102 3754 1238 3832 pondus,
1261 3751 1469 3825 ''contraria”,
1492 3769 1562 3832 quoe

308 3853 413 3918 Graeci
434 3863 551 3917 vocant
572 3850 744 3929 docteres,
778 3853 945 3918 contrariis
968 3854 1118 3935 opposuit
1138 3852 1363 3914 diversissimis
1385 3851 1488 3913 modis
1511 3852 1562 3913 id-

308 3975 367 4037 que
389 3964 454 4018 tam
476 3957 655 4036 frequenter
677 3965 708 4019 et
730 3973 957 4037 nonnumquam
980 3955 1047 4016 sine
1070 3972 1181 4027 causa,
1203 3963 1237 4014 ut
1252 3952 1437 4014 verbiseum
1453 3951 1562 4014 ludere

307 4075 368 4119 nou
390 4075 500 4119 sensus
523 4057 618 4118 animi
641 4056 911 4138 cogitationesque
934 4054 1108 4136 exprimere
1131 4053 1240 4116 credas
1262 4052 1360 4125 velle,
1387 4051 1471 4133 quod
1494 4052 1561 4115 hac

307 4158 453 4239 exempla
474 4158 655 4220 ostendent:
994 4221 996 4226 ,

388 4257 558 4339 Temptavi
579 4255 699 4320 imitari
715 4253 936 4318 Dearostleaea
949 4273 1072 4336 semper
1086 4264 1186 4326 terum,
1207 4249 1331 4314 Caluum
1346 4270 1446 4333 nuper
1459 4273 1559 4316 numm

311 4357 336 4431 l,
358 4359 387 4432 2,
409 4360 438 4420 2.
482 4359 529 4420 Tu
551 4358 644 4422 modo
668 4357 802 4431 enitere,
835 4363 872 4418 ut
891 4356 951 4418 tibi
979 4359 1048 4436 ipse
1076 4355 1120 4416 sis
1148 4352 1241 4426 tanti,
1263 4351 1375 4434 quanti
1397 4352 1558 4415 videberis

306 4456 395 4532 aliis,
416 4457 445 4520 si
466 4457 525 4520 tibi
549 4459 644 4522 fueris
670 4460 697 4534 l,
718 4458 748 4531 3,
769 4457 799 4518 5.
842 4458 915 4519 Non
937 4454 1111 4518 mehercule
1133 4461 1198 4515 tarn
1222 4472 1290 4515 mea
1310 4461 1383 4515 sunt
1403 4471 1473 4534 quae
1488 4473 1559 4516 mea

305 4565 395 4632 suut,
418 4576 511 4638 quam
534 4579 600 4641 qua
622 4569 679 4622 tua
702 4559 729 4632 1,
750 4557 780 4631 4,
802 4557 831 4616 2.
878 4555 915 4620 si
947 4555 1071 4618 silenda
1093 4553 1351 4627 feceris,iaotu1u
1374 4553 1495 4632 ipsum,
1527 4553 1556 4616 si

305 4655 466 4720 laudanda
487 4677 547 4723 uon
570 4661 682 4738 sileas,
703 4659 773 4740 ipse
794 4656 932 4737 culparis
956 4657 1029 4730 l,8,
1045 4651 1093 4716 15.
1136 4653 1277 4716 Eundem
1292 4660 1460 4734 antequam
1476 4653 1557 4718 scri·
