3264 5332
236 476 275 530 22
726 470 751 526 J.
775 471 806 524 P.
829 469 995 540 Lagergrsn.

236 649 299 712 Cic.
323 649 426 725 fragm.
449 644 500 707 Or.
523 663 551 726 p.
569 643 674 708 Sceur.
696 641 786 716 6,1o,
808 642 880 723 Pap.
895 641 956 706 229
971 641 1034 726 (ed.
1051 638 1157 724 Klotz)
1180 639 1301 720 legitur:
1325 638 1403 701 ”Sed
1428 639 1493 701 col-

237 749 296 812 lum
319 746 451 826 digitulis
474 746 591 808 duobus
613 743 784 806 oblideret.”

321 846 496 929 '’Peroqere
527 867 622 908 reum.
675 841 752 908 Hoc
783 842 890 908 locutio
922 865 983 928 quo
1014 842 1087 906 olim
1114 863 1201 904 reum
1227 863 1316 925 opere
1342 865 1367 905 e.
1382 843 1494 929 secere

237 947 322 1027 (Lio.
344 948 374 1020 4,
396 947 452 1028 42)
475 944 710 1036 sipnificobatnr,
729 954 832 1028 posteo
842 955 990 1030 proestare
1011 963 1203 1028 pnoecnmqne
1224 943 1267 1004 od
1288 943 1494 1006 accusandum

237 1047 503 1132 damnandumque
534 1068 620 1110 reum
646 1045 819 1130 pertinent,
850 1065 975 1108 causam
1006 1044 1053 1107 rei
1085 1043 1128 1108 ad
1153 1043 1266 1106 exitum
1288 1043 1433 1108 deducere
1461 1053 1495 1105 nt

238 1150 450 1215 condemnetur
482 1145 670 1234 siqnificobot
690 1146 722 1220 3,
742 1146 774 1222 9,
795 1146 869 1210 362⁹
911 1145 1023 1209 Nescio
1046 1166 1084 1207 an
1107 1145 1188 1207 illam
1211 1144 1306 1226 ipsam
1329 1146 1389 1207 vim
1412 1145 1493 1207 Livii

239 1254 303 1315 loco
327 1251 438 1312 habeat
461 1249 569 1311 locutio
591 1249 642 1309 illa
664 1248 824 1328 ”peragere
846 1246 959 1309 reum.”

322 1366 514 1429 '’Prmdicere
534 1387 628 1450 supra
649 1385 815 1428 memorare
836 1363 994 1439 4,14,8.'’
1037 1363 1175 1444 Legitur:
1197 1362 1317 1426 ”Unum
1330 1363 1401 1426 illud
1414 1383 1492 1444 prm·

240 1469 396 1531 dicendum
418 1465 524 1553 (supra
547 1463 806 1549 memorandum?)
830 1465 957 1538 videtur,
986 1465 1116 1544 cogitare
1139 1485 1185 1526 me
1206 1464 1262 1525 has
1278 1457 1371 1544 nugas
1385 1465 1430 1525 ita
1444 1465 1493 1525 in-

239 1571 367 1633 scribere
389 1566 689 1650 ”Hendecssyllsbi.”
711 1567 772 1629 crr.
788 1566 862 1629 Sall.
879 1567 917 1629 H.
934 1569 963 1642 2,
980 1567 1007 1628 1.
1036 1566 1155 1638 ”Quum
1177 1565 1341 1646 praedixero
1364 1565 1494 1645 positum

239 1669 374 1743 insulae'',
396 1689 482 1750 quem
499 1669 593 1730 locum
616 1668 655 1731 N.
668 1666 820 1748 Oestling‚
842 1667 907 1730 ”De
920 1668 1098 1730 Elocutione
1113 1667 1252 1730 Sallustii
1266 1666 1396 1748 Gr·ispi”,
1418 1667 1494 1746 Pag.

240 1772 289 1847 45,
325 1771 459 1851 Upsaliae
484 1767 572 1842 1862,
596 1767 728 1830 attulit.''

323 1885 519 1970 ”†Proeloqnc‘
538 1884 675 1970 profari
695 1883 726 1958 3,
747 1883 777 1957 4,
798 1884 830 1946 3.
856 1882 886 1958 4,
907 1883 938 1958 5,
959 1885 990 1947 3.
1019 1885 1048 1961 8,
1070 1884 1123 1958 21,
1144 1884 1195 1947 3.”
1239 1883 1303 1947 Otr.
1326 1885 1396 1947 Son.
1420 1883 1496 1946 Nat.

240 1987 354 2060 Quaeso.
377 1990 407 2063 2,
432 1990 478 2061 11,
501 1989 529 2049 3.
574 1987 666 2048 ”Haec
688 1985 887 2048 necessarium
911 1986 969 2048 fuit
991 1986 1131 2068 praeloqui
1154 1986 1269 2048 dicturo
1291 1985 1328 2048 de
1350 1985 1496 2048 tonitru.”

321 2102 493 2191 ”Proficere
514 2125 582 2165 cem
604 2103 705 2164 dativo
727 2101 914 2184 corp'nnctrrm
932 2123 991 2184 pro
1010 2103 1154 2186 prodesse
1174 2102 1205 2179 9,
1227 2102 1280 2179 40,
1301 2102 1324 2164 2
1345 2103 1498 2165 memor-ire

230 2206 392 2295 frequenti
413 2203 616 2267 emendatione
633 2201 822 2289 prosternor?
866 2202 979 2266 Similis
1000 2205 1160 2267 admodum
1183 2206 1265 2266 locus
1287 2211 1335 2264 est
1348 2203 1410 2266 Cic.
1426 2202 1496 2266 Ate.
1600 2211 1602 2214 '

239 2306 356 2382 1,1,1.
393 2306 462 2367 ”Ita
483 2304 624 2386 quiddam
648 2325 734 2385 spero
758 2304 842 2366 nobis
864 2305 977 2384 profici,
999 2324 1089 2386 quum
1106 2306 1161 2368 hoc
1179 2305 1404 2387 percrebrescit,
1426 2305 1497 2384 plu-

238 2409 329 2470 rimos
353 2415 471 2468 nostros
494 2405 606 2467 amicos
628 2399 785 2466 inveniri.''

322 2521 515 2585 ”Prosocero
537 2528 568 2602 o)
591 2521 682 2606 quasi
702 2521 744 2585 od
765 2530 912 2585 certarnen
930 2520 1098 2584 ineundum
1108 2542 1228 2586 evocare
1238 2523 1271 2596 2,
1283 2521 1311 2596 7,
1321 2521 1351 2586 4.
1373 2520 1412 2584 Ρ.
1424 2521 1498 2584 51.”

239 2624 365 2705 Legitur
386 2625 415 2696 2,
427 2619 457 2698 7,
469 2623 499 2685 4.
527 2623 648 2685 ‘'Tanta
670 2622 696 2686 ei
718 2622 876 2696 sanctitas,
898 2622 1047 2702 gravitas,
1069 2624 1234 2686 auctoritas
1249 2623 1355 2694 etiam,
1376 2633 1410 2685 ut
1424 2641 1498 2702 posm

240 2735 287 2788 set
309 2745 395 2787 senes
417 2724 485 2786 illos
508 2744 670 2805 provocare
697 2724 837 2785 virtute.''
880 2724 942 2787 cfr.
964 2723 1026 2786 Cic.
1048 2725 1106 2805 Ep.
1125 2725 1210 2786 Brut.
1236 2725 1262 2796 1,
1287 2724 1313 2798 1,
1339 2725 1364 2784 1.
1407 2721 1497 2786 ''Non

240 2828 422 2906 respondere
449 2827 477 2887 in
511 2845 612 2888 amore
641 2826 692 2900 iis,
713 2846 733 2888 s.
754 2825 860 2907 quibus
881 2824 1073 2906 provocsre.'’
1115 2825 1150 2888 lu
1174 2826 1271 2886 attera
1292 2824 1497 2906 disputatione

241 2928 321 2989 huno
343 2927 426 2988 vocis
449 2946 534 2990 usum
556 2927 653 3007 pobtis
676 2926 791 2988 tribuit.

326 3025 545 3110 '’Prospectarc
574 3028 611 3092 de
640 3026 725 3101 locis,
756 3027 835 3089 unde
861 3033 1039 3111 prospectus
1065 3035 1108 3088 est
1134 3026 1167 3099 2,
1189 3027 1237 3101 17,
1259 3026 1290 3088 5.
1322 3027 1354 3100 5,
1376 3025 1406 3099 6,
1428 3025 1502 3088 19.”

242 3129 305 3192 cfr.
329 3129 439 3191 Tibull.
466 3131 492 3202 1,
516 3123 545 3202 7,
571 3128 618 3191 19.
663 3128 775 3190 ”Maris
799 3137 918 3190 vastum
941 3134 1114 3208 prospectet
1135 3146 1234 3208 aequor
1256 3127 1383 3208 Tyros.'’

327 3229 522 3292 ’'Retractore
543 3228 686 3313 relepore,
707 3229 850 3302 revisere,
871 3226 1053 3292 emendandi
1073 3248 1166 3289 conso
1187 3247 1336 3290 recensere
1356 3226 1386 3299 4,
1400 3227 1432 3302 9,
1447 3228 1503 3291 23.

244 3331 276 3405 5,
295 3331 325 3404 8,
344 3330 374 3393 6.
396 3330 425 3404 8,
447 3331 500 3406 21,
521 3331 551 3392 6.
580 3330 685 3407 9,10,
707 3330 738 3392 3.
765 3328 862 3404 4θ,2
893 3329 934 3415 cf.
960 3351 985 3390 r.
1011 3327 1160 3412 pendium
1192 3348 1253 3411 pro
1286 3327 1442 3391 recordari
1470 3330 1504 3402 7,

244 3429 296 3504 24,
319 3430 365 3494 7.”
400 3430 461 3494 Ofr.
486 3431 547 3493 Cic.
570 3430 639 3493 Att.
664 3428 713 3504 16,
735 3431 764 3504 3,
789 3431 814 3492 1.
848 3429 950 3491 ”Idem
973 3426 1136 3511 σύνταγμα
1158 3429 1227 3492 misi
1250 3430 1288 3493 ed
1308 3439 1339 3491 te
1355 3436 1502 3492 retracta·

245 3530 324 3593 tius''
345 3531 378 3696 87,
398 3531 428 3606 9,
450 3533 480 3594 3.
517 3532 691 3612 ”Augemus
714 3531 843 3592 dolorem
866 3532 1088 3594 retractando.”
1137 3531 1196 3594 Hic
1222 3530 1303 3593 locus
1325 3529 1432 3592 similis
1457 3541 1506 3594 est

246 3631 337 3694 Plinii
380 3632 463 3708 ,24,
485 3627 514 3696 7.

328 3746 516 3836 ”†Snfficere
544 3769 655 3834 parem
682 3769 759 3824 esec,
792 3747 965 3834 sattcfacere
985 3749 1016 3822 6,
1038 3750 1092 3823 23,
1112 3748 1143 3811 4.
1169 3748 1196 3823 7,
1218 3747 1271 3823 31,
1291 3748 1334 3812 3”
1357 3750 1396 3811 al.
1440 3748 1504 3813 Gir.

246 3851 309 3916 cic.
331 3852 420 3914 Verr.
444 3850 474 3925 5,
496 3850 547 3926 48,
572 3844 639 3913 127.
670 3850 860 3914 '’Paucorum
884 3850 1043 3931 cupiditati
1065 3858 1139 3924 tum,
1162 3869 1251 3930 quum
1274 3849 1422 3912 obsistere
1443 3869 1504 3913 non

245 3960 402 4035 poterant,
428 3958 529 4014 tamen
551 3952 685 4014 sufficere
712 3951 810 4033 aliquo
833 3952 920 4014 modo
941 3951 1111 4032 poterunt.”
1148 3949 1229 4012 Vell.
1251 3952 1281 4023 2,
1294 3949 1345 4026 98,
1357 3952 1385 4014 2.
1420 3949 1506 4013 ”Vix

247 4073 422 4136 quemquam
455 4052 580 4133 reperiri
612 4071 715 4133 posse,
748 4053 798 4134 qui
831 4061 885 4115 aut
917 4053 1009 4116 otium
1032 4051 1159 4116 validius
1182 4049 1289 4132 diligat
1310 4060 1364 4115 aut
1385 4051 1505 4114 facilius

247 4155 378 4220 sufficiat
399 4153 550 4236 negotio.”
594 4153 657 4216 Cir.
680 4154 761 4216 Veli.
782 4156 811 4227 2,
832 4148 884 4228 97,
906 4156 935 4217 2.
961 4156 991 4229 2,
1014 4155 1082 4228 131,
1104 4155 1133 4214 2.

331 4269 580 4360 ”Supecfnndere
600 4271 730 4355 proprio
751 4269 966 4357 sipne'fioctione
986 4269 1015 4346 8,
1036 4272 1084 4346 17,
1106 4271 1134 4332 1.
1156 4268 1189 4344 9,
1210 4269 1265 4344 33,
1286 4267 1338 4332 9.”
1380 4268 1507 4348 Legitur

247 4369 407 4448 8,17,1;
440 4373 580 4439 ”Tiberis
613 4372 730 4435 alveum
756 4372 885 4434 excessit
917 4380 949 4434 et
973 4370 1196 4435 demissioribus
1219 4370 1292 4454 ripis
1315 4371 1376 4434 alte
1398 4389 1506 4450 super-

251 4474 413 4537 iunditur.’'
456 4475 519 4538 Cfr.
541 4473 610 4536 Liv.
633 4467 663 4548 7,
685 4474 714 4545 3,
736 4474 766 4534 2.
810 4473 932 4535 ”Tiberi
954 4471 1140 4555 superfuso.”
1163 4473 1219 4536 Or.
1242 4474 1317 4534 Met.
1340 4473 1370 4545 2,
1391 4468 1462 4533 459.

342 4572 521 4660 ’'Susmperc
542 4573 647 4638 transt.
669 4593 777 4636 curare
798 4574 875 4635 tueri
896 4573 1035 4648 1,19,1.
1057 4572 1090 4645 2,
1102 4572 1134 4648 4,
1149 4573 1201 4635 2.”
1228 4573 1355 4653 Legitur
1372 4570 1462 4645 1,19,
1477 4572 1505 4633 l:

251 4675 392 4756 ”Magnes
413 4684 570 4756 etgraves
603 4695 712 4750 causae,
739 4694 792 4737 cur
812 4674 975 4756 suscipere,
1003 4691 1109 4754 augere
1137 4673 1313 4755 dignitatem
1340 4681 1426 4736 tuam
1449 4671 1506 4734 de·
