3226 5332
75 73 133 127 112
569 71 594 127 J.
618 71 648 127 P.
672 73 840 146 Lagergren.

72 243 159 306 relati
181 253 266 318 snat,
292 243 310 306 i.
333 263 358 304 e.
381 243 487 323 quibus
510 244 629 315 eadem,
658 265 723 326 qam
744 245 880 326 ingenuis
905 245 973 325 jura
995 254 1067 306 sant
1089 245 1170 306 data.
1214 245 1326 305 Postu·

73 343 203 407 lantibus
230 342 405 424 quibusdam
433 352 467 406 nt
493 345 529 405 de
558 347 752 422 agnoscendis
779 346 879 408 liberis
901 345 1149 428 restituendisque
1174 343 1326 406 natalibus

72 463 280 524 cognoscerem
306 445 354 518 10,
376 438 416 505 72
438 439 519 528 (77).
541 444 651 528 (Dig.).

156 542 366 630 Primipiloris
378 546 540 619 dicebatur,
551 546 600 627 qni
610 548 849 614 sacramentario
862 546 948 627 primi
960 545 1020 627 pili.
1038 545 1255 626 Nymphidium
1264 545 1327 606 Lu·

72 665 142 728 pam
161 645 373 725 primipilarem
386 647 617 709 commilitonem
630 648 721 709 habai
735 649 782 720 10,
793 643 834 710 87
846 644 928 731 (19),
944 648 968 707 1.
992 645 1113 730 (Quint.
1127 649 1202 709 Tac.
1214 643 1325 728 Suet).

155 744 348 830 Propositum
372 756 513 826 argentee
535 755 627 809 aetate
651 749 770 810 omnino
792 749 890 810 induit
905 757 1044 810 naturam
1061 747 1263 819 substantivi,
1285 745 1326 808 ita

73 857 107 910 ut
138 857 168 910 et
196 867 262 910 cum
292 848 514 927 pronominibus
543 849 771 928 conjungeretur
798 860 828 910 et
849 849 1013 928 genitivum
1036 859 1165 928 regeret,
1198 848 1228 909 id
1250 847 1326 928 quod

70 949 171 1012 Krebs
205 948 305 1010 docuit
336 969 355 1009 a
387 950 598 1010 consuetudine
631 950 810 1030 optimorum
839 950 1017 1029 scriptorum
1045 949 1215 1011 abhorrere.
1260 948 1323 1008 Nan

71 1049 159 1112 dubie
186 1047 276 1132 hujus
297 1049 450 1132 propositi
471 1049 530 1112 mei
552 1049 647 1112 minor
671 1051 736 1112 laus
764 1050 793 1123 5,
817 1052 855 1112 13
878 1047 961 1134 (14),
987 1050 1033 1110 10.
1059 1049 1106 1123 10,
1128 1049 1170 1111 43
1192 1047 1276 1133 (52),
1296 1049 1324 1110 2.

71 1151 148 1212 Pan.
176 1149 226 1212 411.
255 1147 305 1213 96.
349 1150 417 1211 Non
452 1149 547 1212 habeo
575 1150 768 1235 propositum
800 1151 881 1214 illum
910 1148 1147 1233 reprehendendi
1171 1149 1202 1224 9,
1227 1148 1274 1222 19,
1295 1144 1324 1210 7.

71 1251 160 1336 (Seu.
183 1247 287 1319 Quint.
309 1248 455 1332 Pliada).

152 1349 308 1414 Salariam
335 1352 372 1412 de
399 1353 534 1413 mercede
556 1351 620 1431 ejas
641 1353 760 1426 dicitur,
787 1351 836 1433 qai
859 1371 981 1414 munere
1002 1353 1121 1416 iunctas
1143 1362 1197 1412 est.
1242 1349 1324 1412 Scri-

71 1453 140 1516 bam
169 1461 240 1514 ante
269 1451 430 1532 legitimum
453 1450 562 1514 salarii
583 1465 701 1535 tempas
727 1453 878 1516 amisisset
905 1455 934 1526 4,
959 1455 1007 1528 12,
1029 1455 1057 1516 2.
1079 1453 1108 1514 3.
1131 1451 1220 1537 (Sea.
1242 1449 1321 1511 Plin.

71 1555 140 1636 maj.
164 1553 237 1614 Tac.
260 1551 368 1635 Suet).

154 1651 308 1738 Sudjeetas
337 1653 397 1714 l'ere
424 1673 476 1733 pro
503 1655 581 1729 cire,
613 1653 741 1737 imperio
763 1652 893 1739 alicujus
910 1663 1038 1739 parente
1059 1655 1176 1716 dicitur.
1219 1651 1322 1730 Neque

71 1757 149 1820 enim
174 1766 207 1817 ut
229 1755 289 1815 alia
310 1752 460 1836 subjectis,
483 1757 527 1817 ita
549 1775 633 1818 amor
654 1757 815 1836 imperatur
837 1757 913 1818 Pan.
935 1756 986 1821 85.
1010 1754 1105 1840 (Plin.
1128 1754 1198 1831 maj.
1222 1749 1312 1834 001).

158 1853 297 1918 Vereada
318 1853 357 1916 sol
380 1853 488 1918 αἰδοῖα
510 1857 596 1919 dixit.
639 1857 740 1926 Alias,
774 1857 889 1918 laedam
914 1858 1011 1930 dictu,
1041 1855 1171 1919 emenda
1193 1863 1322 1916 contun-

70 1959 115 2022 dit
137 1959 166 2030 3,
189 1957 238 2029 14,
260 1957 290 2016 2.
312 1954 407 2040 (Plin.
422 1956 518 2041 maj.).
554 1959 668 2020 Eadem
691 1958 909 2038 significatione
932 1959 1009 2021 dixit
1030 1954 1158 2020 calando
1180 1953 1209 2029 6,
1226 1952 1276 2026 24,
1293 1953 1320 2014 3.

157 2108 178 2170 J
180 2127 226 2170 am
251 2107 330 2186 apud
353 2107 518 2187 superiores
540 2107 699 2188 scriptores
717 2107 823 2169 iisdem
838 2107 1104 2188 significationibus
1121 2107 1229 2189 quibus
1241 2105 1321 2185 apud

67 2209 200 2270 Plinium
224 2217 256 2269 et
275 2208 422 2288 aequales,
444 2210 496 2270 sed
520 2209 615 2271 rarius
637 2209 841 2270 inveniantur:

152 2307 308 2370 Arcanum
335 2309 518 2370 substantivi
548 2310 610 2371 loco
638 2329 703 2370 curn
727 2309 857 2389 genitivo
880 2311 1069 2392 conjunctum
1091 2310 1213 2391 ponitur
1234 2309 1270 2369 de
1291 2327 1321 2369 re

69 2430 189 2483 arcana,
212 2410 348 2471 tacenda.
392 2409 498 2490 Ingens
527 2411 646 2500 deorum
673 2412 845 2492 prolaturus
866 2433 1013 2474 oruoaum
1035 2412 1109 2474 Pan.
1132 2411 1181 2472 23.
1215 2409 1319 2494 (Verg.

67 2511 142 2573 Ηο1.
163 2510 231 2572 Liv.
254 2510 305 2583 40,
327 2511 377 2583 23,
402 2513 427 2572 1.
450 2511 500 2585 41,
522 2511 571 2585 24,
595 2511 623 2572 3.
647 2509 752 2594 post).

151 2609 271 2674 Ausum
300 2611 479 2673 substantivi
510 2613 573 2674 loco
596 2631 648 2692 pro
671 2611 782 2674 audaci
801 2611 946 2695 facinore.
991 2614 1105 2675 Videor
1132 2611 1242 2673 intueri
1265 2610 1321 2671 im-

69 2711 206 2776 manibus
228 2711 313 2773 aasis
335 2711 528 2775 barbarorum
552 2722 661 2774 onusta
684 2713 797 2775 leronla
819 2713 895 2776 Pau.
922 2711 1141 2800 171).(verg.
1164 2710 1222 2773 Ov.
1245 2712 1320 2774 Plin.

69 2815 138 2894 maj.
160 2813 231 2875 Tac.
254 2812 334 2875 Anu.
360 2814 408 2886 13,
429 2808 496 2898 47).

150 2911 295 2976 Mortales
317 2933 369 2994 pro
391 2912 560 2976 dominibus
582 2915 689 2994 posuit.
724 2915 851 2976 Insitum
874 2913 1049 2977 mortalibus
1064 2914 1194 2976 studium
1210 2932 1320 2994 magna

68 3026 99 3077 et
121 3015 265 3076 inusitata
288 3016 427 3076 noscendi
450 3016 479 3086 2,
498 3014 543 3087 11,
562 3017 608 3075 10.
645 3017 725 3078 Fata
747 3013 920 3077 mortalium
942 3016 1018 3076 Pan.
1040 3014 1089 3076 80.
1118 3013 1214 3099 (Ean.
1232 3016 1319 3075 Varr.

69 3117 141 3178 Ηο1.
172 3114 228 3177 011.
258 3116 285 3188 l,
313 3116 341 3188 3,
370 3111 418 3176 37.
452 3115 527 3178 Sall.
579 3117 613 3176 In
646 3115 787 3194 singulari
822 3135 943 3178 numero
978 3126 1141 3195 posuerunt
1174 3115 1264 3176 Lucr.
1286 3115 1320 3187 4,

70 3212 157 3280 1178.
186 3215 240 3278 Ov.
264 3216 337 3278 Met.
360 3215 390 3289 9,
417 3214 463 3289 16,
487 3217 526 3275 11.
555 3216 654 3278 ΡΙ1111.
678 3217 770 3278 Poen.
794 3216 830 3290 6,
853 3219 886 3290 2,
911 3213 978 3288 147,
1000 3216 1037 3278 nl.
1082 3215 1187 3278 Cicero
1211 3217 1317 3277 addere

67 3319 146 3380 solet
174 3317 336 3390 vocabula,
366 3337 432 3397 quae
458 3325 531 3378 sunt
553 3316 684 3391 ”omnes
712 3318 827 3378 multi.”
870 3317 983 3380 Caesari
1011 3336 1070 3378 vox
1097 3317 1243 3378 inusitata
1273 3318 1318 3377 l'u·

67 3420 126 3481 isse
149 3413 290 3500 videtur).

147 3514 283 3579 Nubilus
305 3537 358 3597 pro
383 3514 536 3592 nebuloso,
559 3516 687 3579 ualidam
709 3517 832 3581 obducto
855 3518 970 3580 dicitnr.
1008 3517 1042 3579 Si
1064 3518 1126 3579 dies
1148 3515 1316 3586 aedilred,

64 3619 94 3694 6,
117 3619 166 3681 25.
189 3617 289 3691 6,20,
313 3618 361 3681 14.
406 3618 438 3678 111
468 3619 576 3696 plurali
599 3639 719 3680 numero
742 3616 846 3680 teudila
868 3639 921 3699 pro
944 3618 1073 3680 nubibus
1096 3619 1207 3698 posuit.
1240 3619 1314 3678 Fra-

65 3731 130 3782 stra
152 3720 308 3800 Aegyptus
330 3715 432 3780 teudila
455 3719 569 3798 optavit
591 3721 669 3780 Pan.
692 3721 741 3782 30.
755 3716 795 3802 ²).
824 3719 930 3804 (Verg.
949 3719 1005 3782 Ov.
1027 3721 1099 3781 Hor.
1116 3719 1225 3780 Tibull.
1240 3718 1313 3779 Plin.

65 3817 161 3903 maj.).
204 3820 239 3880 In
263 3819 405 3898 singulari
429 3838 549 3880 numero
572 3821 753 3882 substantivi
777 3822 841 3882 loco
863 3821 991 3901 positum
1014 3817 1149 3882 audilam
1170 3819 1313 3900 significat

64 3921 157 3995 idem,
180 3921 258 4001 quod
281 3919 411 3981 ''coelam
434 3919 638 3982 nebulosum.”
674 3920 767 3983 Venti
790 3922 839 4002 qni
861 3917 999 3984 maldram
1020 3921 1165 3982 inducunt
1187 3922 1216 3994 2,
1232 3914 1277 3988 17,
1286 3913 1311 3977 7.

64 4019 158 4103 (Plin.
182 4020 251 4100 maj.
275 4017 379 4089 Quint.
404 4017 514 4103 Suet).

114 4200 131 4266 ¹)
155 4207 243 4259 Krebs
267 4206 351 4278 igitur
374 4226 393 4261 s.
418 4226 441 4261 v.
465 4224 516 4259 aon
541 4206 649 4259 omnino
672 4213 744 4262 recte
767 4207 922 4278 disputavit.

109 4287 131 4358 2)
153 4292 242 4346 Krebs
265 4293 353 4347 minus
377 4301 450 4347 recte
473 4297 507 4346 de
530 4295 580 4347 hac
603 4311 669 4346 voce
691 4294 760 4348 sicat
784 4298 818 4347 da
840 4296 900 4348 aliis
924 4294 1054 4364 permuls
1076 4295 1236 4365 disputavit.
