3264 5332
365 455 405 510 De
427 453 488 509 vita
508 455 537 509 et
559 453 713 508 elocutione
735 451 764 508 0.
787 453 873 508 Plinii
894 452 996 509 Otacilii
1018 454 1144 511 Secundi.
1343 457 1381 510 29

136 625 358 708 honestatisque
381 646 512 689 amorem
535 625 765 706 exstinguerent.
797 627 889 690 Nulla
911 648 995 708 paene
1017 627 1136 690 vincula
1157 627 1286 706 singulos
1301 628 1383 690 cives

135 745 201 789 cnm
222 727 347 789 civitate
370 728 605 808 conjungebant,
626 727 752 806 pristina
774 739 945 791 senatorum
968 728 1166 810 nobiliumque
1188 728 1315 808 dignitas
1338 728 1385 790 ni-

135 825 176 890 hil
208 837 273 890 erat
305 828 363 890 uisi
394 829 493 892 inanis
525 829 646 902 umbra,
686 829 841 909 imperium
878 829 1043 910 principum
1079 849 1185 909 magna
1224 849 1262 890 ex
1300 837 1384 908 parte

134 929 215 1009 inopi
244 934 277 994 et
296 929 398 991 venali
419 931 506 1010 plebe
528 929 745 1002 sustinebatur,
767 930 851 1009 cujus
872 948 1020 993 summum
1042 930 1173 992 studium
1195 940 1227 991 et
1247 928 1385 1009 voluptas

133 1030 233 1110 posita
264 1039 353 1093 erant
378 1031 408 1093 in
436 1030 513 1093 ludis
534 1029 714 1110 spectandis.
758 1028 902 1112 Quisquis
925 1031 1058 1093 audebat
1080 1030 1155 1092 libro
1176 1039 1231 1092 aut
1251 1031 1385 1092 oratione

134 1138 188 1193 aut
209 1131 340 1193 carmine
362 1131 535 1193 memoriam
558 1130 657 1192 liberas
679 1130 848 1211 reipublicae
869 1131 1003 1193 florentis
1024 1150 1181 1206 revocare,
1204 1131 1385 1194 mentionem

135 1231 238 1293 facere
266 1231 399 1313 antiquae
425 1231 593 1304 libertatis,
627 1239 758 1293 veterum
787 1231 913 1294 virtutes
936 1243 967 1294 et
988 1231 1129 1312 praeclara
1152 1232 1286 1294 facinora
1306 1233 1386 1295 celc-

135 1333 231 1406 brare,
259 1333 423 1395 exsulando
444 1351 558 1414 poenas
580 1331 713 1394 audacia
735 1333 839 1394 dabat.
881 1331 1064 1413 Eloquentia
1087 1351 1173 1405 vero,
1199 1332 1246 1395 cui
1268 1352 1386 1409 omnes,

134 1432 185 1514 qui
220 1432 338 1514 quidem
372 1433 498 1496 honores
530 1432 652 1513 petituri
674 1441 792 1507 essent,
824 1432 893 1495 olirn
916 1433 1033 1494 assidue
1055 1433 1232 1507 studebant,
1261 1433 1325 1513 jam
1355 1445 1387 1497 ut
1432 1514 1435 1524 Ι

134 1552 185 1595 ars
209 1532 323 1596 inutilis
351 1533 408 1596 coli
434 1534 530 1597 desita
558 1545 624 1596 erat
650 1542 739 1615 atque
762 1542 816 1596 aut
837 1533 955 1596 omniuo
978 1534 1169 1596 obmutuerat
1190 1543 1244 1596 ant
1264 1534 1294 1597 in
1316 1536 1387 1597 rhe-

133 1644 232 1696 torum
258 1633 368 1698 scbolis
390 1635 506 1714 frigidis
527 1634 795 1697 declamationibus
817 1655 836 1697 a
856 1635 957 1714 pueris
979 1634 1182 1710 exercebatur,
1203 1635 1253 1716 qui
1274 1655 1387 1698 sonan-

133 1735 215 1797 tibus
247 1735 345 1797 verbis
378 1736 595 1799 sententiarum
626 1734 757 1817 inopiam
791 1735 946 1810 celabant,
978 1744 1031 1797 aut
1061 1735 1092 1796 in
1125 1736 1236 1797 curiam
1266 1736 1387 1800 detrusa

135 1835 310 1899 versabatur
341 1837 370 1899 in
399 1837 555 1899 immeritis
575 1836 756 1918 insulsisque
778 1836 944 1918 principum
968 1836 1121 1908 lendibus,
1154 1847 1208 1900 aut
1229 1838 1258 1898 in
1276 1838 1386 1917 jejunis

133 1936 232 2000 causis
253 1938 518 2000 centumviralibus
540 1937 742 2018 disceptandis
765 1947 831 2001 erat
853 1946 1010 2019 occupata.
1054 1937 1177 2000 Ceteras
1199 1957 1313 2019 quoque
1336 1959 1387 2000 ar-

133 2048 181 2102 tes
202 2038 415 2101 reconditiores
439 2039 589 2120 neglectas
609 2039 741 2119 jacuisse
763 2038 814 2101 illo
836 2049 984 2120 tempore,
1009 2057 1076 2101 cnm
1098 2057 1184 2101 nemo
1207 2040 1281 2101 certi
1303 2039 1386 2103 exitii

134 2149 216 2202 metu
237 2149 338 2220 aperte
359 2141 539 2204 sententiam
562 2140 659 2202 dicere
681 2149 734 2202 aut
755 2161 850 2204 rerum
873 2150 986 2204 statum
1008 2141 1150 2202 denotare
1166 2141 1303 2215 auderet,
1326 2131 1386 2204 non

135 2249 185 2302 est
206 2239 382 2304 mirandam.
415 2242 491 2305 Cam
515 2251 615 2304 autem
637 2241 751 2304 homini
772 2241 878 2304 innata
899 2242 939 2304 sit
961 2241 1110 2323 cupiditas
1124 2242 1276 2322 quaedam,
1298 2243 1387 2324 quid-

135 2341 207 2423 quid
228 2342 407 2422 cogitatione
431 2342 581 2424 coucepit,
609 2361 676 2405 cum
697 2341 764 2405 aliis
786 2342 1040 2418 communicandi,
1068 2363 1192 2425 cumque
1214 2361 1272 2406 uon
1294 2344 1387 2406 aude·

135 2450 204 2506 rent
224 2443 324 2523 palam
347 2463 443 2506 rernm
466 2443 694 2525 perversitatem
718 2443 924 2525 malorumque
945 2445 1077 2507 remedia
1099 2444 1258 2509 manifesta
1279 2445 1387 2519 facere,

131 2543 368 2624 significantibus
388 2544 488 2608 verbis
511 2545 713 2626 ambiguisque
734 2545 892 2608 sententiis
915 2565 1020 2608 seusus
1042 2545 1207 2608 animorum
1231 2546 1388 2626 cogitatio-

131 2664 242 2726 nesque
271 2645 356 2727 quasi
382 2645 537 2728 designare
567 2653 738 2727 coeperunt.
781 2647 830 2709 lta
856 2665 911 2728 pro
937 2645 1065 2728 pristina
1086 2646 1300 2728 perspicuitate
1322 2666 1388 2709 am-

131 2745 262 2825 biguitas
294 2747 429 2827 quaedam
463 2747 607 2810 orationis
629 2756 675 2809 est
697 2755 774 2809 orta.
816 2747 877 2810 Per
904 2747 1033 2828 speciem
1055 2749 1131 2810 eninr
1155 2748 1254 2810 omnia
1278 2767 1389 2828 appro-

131 2847 223 2908 bandi
246 2846 469 2911 dissimulanter
489 2857 519 2910 et
541 2849 655 2911 occulte
677 2849 797 2911 blandis
818 2868 898 2929 saepe
921 2848 1020 2910 verbis
1042 2849 1244 2931 speciosisque
1265 2857 1389 2911 senten·

130 2946 183 3009 tiis
208 2967 297 3010 veras
325 2956 492 3029 temporum
521 2948 707 3012 condiciones
740 2949 854 3012 civibus
888 2950 1000 3031 aperire
1038 2950 1211 3012 studebant.
1260 2949 1320 3012 Sed
1349 2949 1389 3012 il-

131 3046 169 3110 lis
195 3048 349 3112 blanditiis
376 3069 467 3132 quarn
501 3049 578 3113 acris
599 3069 678 3132 saepe
700 3069 797 3113 rerum
819 3050 998 3131 improbatio
1020 3070 1167 3133 quamque
1196 3051 1388 3132 implacabile

131 3148 232 3212 odium
254 3159 357 3212 essent
378 3150 528 3231 subjecta,
550 3150 603 3226 iis,
631 3151 682 3233 qui
704 3151 870 3214 audiebant
890 3161 945 3214 aut
965 3151 1121 3232 legebant,
1144 3151 1231 3214 facile
1254 3162 1321 3214 erat
1341 3151 1389 3215 in-

131 3249 264 3313 tellecta.

215 3350 368 3433 Oppressa
389 3371 459 3414 vero
482 3352 622 3416 libertate
645 3352 681 3414 de
703 3353 888 3435 gravissimis
909 3352 1042 3416 civitatis
1064 3354 1153 3416 rebus
1170 3353 1299 3428 dicendi,
1321 3374 1387 3418 cum

132 3450 190 3514 nisi
211 3471 258 3514 res
281 3452 361 3515 leves
384 3472 443 3516 non
466 3461 568 3516 essent
589 3455 758 3518 oratoribus
780 3457 909 3531 relictae,
937 3454 973 3518 iis
995 3473 1055 3516 non
1078 3462 1141 3516 tam
1164 3463 1230 3517 erat
1250 3455 1389 3536 proposi-

132 3560 213 3627 tum,
235 3553 307 3634 quid
330 3571 445 3628 verum,
467 3553 643 3630 honestum,
662 3555 779 3634 justum
804 3564 897 3631 esset,
920 3556 1037 3629 docere,
1059 3575 1148 3637 quarn
1172 3555 1257 3636 ungis
1279 3557 1389 3637 ampli-

132 3653 257 3716 ficandis
290 3653 408 3717 animos
441 3655 626 3718 audientium
658 3657 704 3718 rel
737 3658 897 3738 legentium
931 3658 968 3718 ad
1001 3664 1119 3736 tempus
1141 3658 1298 3720 delectare.
1341 3656 1388 3720 Ob

133 3772 259 3836 eamque
282 3775 342 3818 rem
365 3755 519 3819 celeritate
543 3757 673 3838 quadam
695 3759 841 3820 orationis
863 3766 895 3820 et
909 3757 1008 3839 vigore
1025 3757 1141 3820 animos
1157 3758 1307 3831 excitare,
1331 3775 1387 3818 au-

132 3855 219 3935 cupio
242 3857 397 3919 verborum
419 3857 590 3920 sonantium
608 3857 730 3921 auribus
749 3858 926 3932 lenocinari,
950 3857 1074 3938 argutiis
1088 3858 1220 3940 quaesitis
1235 3865 1388 3919 ostentare

133 3954 245 4034 ingenii
272 3976 415 4032 acumen,
447 3957 590 4019 inauditis
619 3959 741 4022 vocibus
770 3970 801 4021 et
822 3958 1072 4022 translationibus
1095 3959 1238 4022 novitatis
1259 3957 1386 4036 gratiam

133 4064 265 4136 captare,
288 4059 450 4121 orationem
478 4058 625 4140 quadrare
651 4059 855 4123 concinnitate
882 4059 1048 4135 elaborata,
1071 4058 1240 4122 artificiosis
1265 4065 1388 4120 conten-

132 4155 266 4219 tionibus
296 4155 413 4243 (Graeci
442 4153 599 4223 docmata
623 4159 749 4245 vocant)
777 4161 945 4243 crebrisque
976 4161 1048 4223 locis
1076 4159 1280 4222 communibus
1303 4157 1388 4239 quasi

137 4256 226 4320 ferire
258 4265 289 4320 et
319 4269 475 4339 percutere
508 4261 680 4323 studebant.
726 4261 776 4324 lta
808 4283 861 4343 pro
894 4262 998 4324 nativo
1030 4261 1080 4323 illo
1113 4271 1144 4324 et
1176 4258 1302 4322 candido
1335 4277 1388 4322 ve-

134 4365 228 4420 terum
250 4378 357 4439 genere
389 4361 507 4424 dicendi
540 4371 636 4424 ortum
672 4371 719 4425 est
745 4363 953 4438 artificiosum,
981 4371 1130 4442 argutum,
1157 4359 1387 4423 sententiosum.

135 4457 200 4520 Hoc
233 4467 332 4522 antem
366 4461 613 4526 declamatorium
653 4463 771 4525 dicendi
803 4485 912 4546 genus,
944 4480 1126 4545 quamquam
1158 4461 1222 4540 jam
1256 4460 1388 4542 Augusti

135 4566 223 4622 aetate
246 4580 303 4622 non
327 4562 422 4624 solum
445 4583 463 4625 a
484 4563 581 4645 poetis
608 4565 793 4646 frequentari
815 4576 952 4647 coeptum
975 4571 1058 4636 erat,
1085 4563 1138 4625 sed
1167 4562 1257 4625 etiam
1287 4563 1388 4645 aliqua
