3264 5332
219 451 237 504 8
709 448 735 502 J.
758 446 789 502 P.
814 445 980 518 Lagargren.

301 617 362 682 Sed
386 638 421 680 ne
445 619 549 699 longus
570 619 626 680 sim
649 620 678 681 in
702 618 808 682 studiis
829 617 920 682 Plinii
942 615 1162 692 describendis,
1179 617 1255 697 jam,
1276 617 1377 699 quales
1400 637 1468 680 rno-

219 740 265 782 res
287 720 349 799 ejus
371 720 497 792 fuerint,
520 720 680 783 videamus.
715 721 849 783 Primum
870 719 961 800 igitur
981 718 1099 782 Plinius
1121 718 1217 780 multa
1232 737 1309 782 verae
1322 719 1468 780 innoeen-

219 821 269 882 tiae
293 821 469 882 documenta
491 830 523 883 et
545 821 733 882 liberalitatis
755 841 813 883 non
835 821 930 883 solum
952 820 983 882 in
1006 820 1139 900 privatos
1159 819 1293 882 homines
1309 819 1468 882 sedetiam

220 922 248 982 in
282 920 436 983 universas
469 923 558 984 urbes
589 922 683 983 edidit
696 921 734 1004 ¹).
777 919 974 985 Comensibus
1003 920 1152 1001 precipue
1180 921 1377 1001 municipibus
1404 918 1469 982 suis

221 1022 349 1101 regalem
372 1041 456 1101 paene
480 1021 708 1085 munificentiam
731 1021 889 1103 prestitit,
911 1041 978 1084 cum
1000 1020 1037 1082 iis
1058 1021 1228 1084 sestertium
1249 1021 1381 1084 sedecies
1396 1039 1471 1084 con-

222 1124 312 1183 ferret
324 1117 372 1206 ²),
405 1142 492 1202 quarn
517 1123 672 1203 pecuniam
700 1123 744 1185 ita
765 1121 954 1184 distribuisse
980 1121 1106 1193 videtur,
1138 1129 1172 1184 ut
1198 1122 1360 1203 quingenta
1387 1121 1471 1184 milia

221 1224 388 1284 sestertium
412 1222 442 1285 in
465 1223 606 1285 alimenta
625 1223 818 1304 ingenuorum
846 1231 877 1284 et
898 1221 1089 1302 ingenuamm
1104 1219 1151 1307 3),
1176 1232 1293 1284 centum
1317 1222 1398 1285 milia
1420 1241 1480 1284 se··

221 1323 358 1385 stertinm
391 1323 421 1386 in
454 1324 576 1385 tutelam
599 1324 801 1398 bibliothece,
833 1342 922 1404 quam
944 1321 1008 1403 ipse
1031 1322 1117 1386 Comi
1138 1323 1346 1396 dedicaverat,
1374 1324 1472 1385 daret.

223 1421 311 1493 Quod
345 1424 564 1505 relinquebatur
595 1425 689 1505 ipsius
721 1423 912 1486 bibliotheca
943 1423 1069 1504 pretium
1097 1423 1217 1485 videtur
1243 1423 1346 1485 fuisse.
1395 1423 1473 1486 Cum

222 1533 322 1587 autem
345 1525 447 1587 schola
467 1533 605 1588 carerent
626 1526 786 1588 Comenses
810 1523 971 1604 municipes
993 1532 1024 1586 et
1040 1523 1148 1586 liberos
1163 1524 1340 1587 erudiendos
1356 1525 1474 1586 Medio-

224 1625 324 1687 lanum
359 1625 478 1688 mittere
511 1636 697 1705 cogerentur,
730 1624 847 1687 Plinius
880 1634 947 1686 erat
973 1634 1098 1705 paratus
1119 1625 1241 1687 tertiam
1263 1635 1380 1706 partem
1401 1644 1474 1688 cou-

223 1727 300 1788 ferre
331 1725 464 1806 pecunias
499 1728 537 1788 ad
571 1735 769 1807 preceptores
802 1725 1008 1788 conducendos
1042 1726 1216 1788 necessaria
1234 1725 1274 1808 ⁴).
1328 1727 1475 1788 Thermas

223 1846 336 1909 quoque
368 1827 454 1890 Comi
487 1847 553 1890 eum
587 1847 642 1889 sua
671 1826 797 1906 pecunia
818 1826 1001 1888 exstruxisse
1023 1838 1054 1888 et
1075 1826 1106 1888 iu
1128 1836 1266 1889 ornatum
1289 1846 1389 1889 aarum
1411 1837 1476 1890 tre·

224 1935 312 1990 centa
334 1929 417 1990 milia
439 1928 625 2000 sestertium,
658 1927 687 1988 in
716 1927 841 1989 tutelam
863 1927 993 1990 ducenta
1021 1926 1103 1990 milia
1128 1927 1259 1999 dedisse,
1286 1947 1325 1989 ex
1347 1927 1477 2007 inscrip-

223 2028 303 2090 tione
325 2029 392 2103 illa,
425 2049 513 2111 quam
537 2029 646 2108 sapius
669 2028 912 2102 commemoravi,
944 2026 1094 2090 discimus.
1139 2028 1212 2091 (luto
1237 2036 1336 2090 autem
1357 2027 1477 2092 Plinius

222 2131 252 2191 id
275 2137 346 2192 ante
368 2131 468 2192 omnia
488 2139 654 2210 spectaret,
680 2138 714 2191 ut
735 2129 895 2192 aeternitati
916 2148 977 2191 suae
1000 2128 1165 2192 consuleret
1188 2139 1219 2191 et
1240 2128 1477 2204 immortalitati,

223 2231 253 2292 in
284 2229 429 2292 alimenta
461 2229 632 2292 libertorum
655 2249 775 2292 suorum
797 2230 909 2310 legavit
929 2229 1027 2292 decies
1049 2229 1221 2309 octingenta
1241 2230 1402 2310 sexaginta
1422 2249 1478 2292 sex

224 2332 309 2393 milia
340 2339 499 2392 sexcentos
532 2331 687 2411 sexaginta
715 2350 769 2392 sex
797 2328 991 2412 nummosl),
1029 2338 1063 2391 ut
1089 2339 1204 2409 gratam
1231 2330 1278 2393 sui
1306 2330 1478 2393 memoriam

224 2431 264 2494 ad
296 2441 429 2511 posteros
457 2450 571 2512 quoque
593 2439 785 2512 propugaret‚
818 2430 1045 2512 constituitque,
1078 2440 1112 2493 ut
1137 2429 1252 2492 libertis
1274 2430 1331 2493 illis
1354 2431 1479 2494 mortuis

225 2551 327 2593 annua
359 2551 449 2593 usura
481 2550 535 2611 pro
568 2532 625 2594 hac
657 2551 763 2611 magna
788 2531 914 2612 pecunia
939 2539 1065 2611 accepta
1091 2529 1122 2592 in
1145 2531 1232 2612 epulo
1253 2531 1332 2612 plebi
1353 2533 1478 2594 urbanae

227 2632 389 2714 quotannis
419 2632 517 2694 dando
544 2639 778 2694 consumeretur.
822 2631 909 2695 Alias
938 2650 1004 2694 cum
1033 2630 1150 2711 signum
1179 2630 1367 2694 Corinthium
1393 2633 1479 2694 inre-

227 2733 321 2794 nisset
343 2743 457 2812 aptum,
480 2734 556 2814 quod
578 2732 608 2794 in
630 2733 729 2814 patria
744 2732 853 2795 celebri
874 2733 1002 2815 quodam
1017 2731 1083 2794 loco
1098 2741 1267 2812 poneretur,
1288 2734 1317 2796 id
1334 2733 1422 2806 emit,
1445 2740 1480 2794 ut

227 2833 256 2894 in
290 2833 402 2914 templo
430 2833 517 2897 Jovis
540 2834 699 2896 collocaret
712 2830 759 2919 θ),
782 2852 818 2895 eo
839 2834 952 2895 Tiferni
974 2833 1124 2906 Tiberini,
1150 2833 1227 2914 quod
1249 2834 1388 2914 oppidum
1411 2833 1479 2895 Pli-

229 2933 309 2996 nium
332 2943 489 3014 patronum
512 2943 705 3016 cooptaverat
731 2934 887 3017 multisque
915 2934 1076 2997 honoribus
1097 2942 1236 3008 auxerat,
1258 2935 1399 3015 templum
1421 2952 1479 2996 sua

229 3035 354 3115 pecunia
375 3037 524 3098 exstruxit
536 3034 580 3118 ⁷),
603 3055 726 3117 cumque
748 3034 816 3096 olim
839 3034 1028 3115 haruspicum
1052 3034 1206 3096 admonitu
1228 3035 1256 3096 in
1279 3036 1389 3115 praedio
1403 3054 1479 3116 quo-

229 3137 300 3197 dam
322 3155 376 3197 suo
398 3138 491 3197 aedem
515 3136 630 3199 Cereris
652 3138 814 3198 refecturus
836 3145 930 3209 esset,
953 3137 1030 3218 quod
1054 3134 1181 3198 ''uullum
1204 3135 1234 3196 in
1257 3136 1392 3216 proximo
1413 3145 1479 3198 erat
1585 3175 1587 3180 -

229 3237 388 3316 suffugium
411 3245 464 3298 aut
490 3237 593 3298 imbris
618 3245 672 3298 eut
693 3237 794 3310 solis”,
817 3235 947 3317 porticus
970 3236 1079 3297 addere
1100 3235 1258 3299 constituit
1279 3238 1318 3299 ad
1341 3257 1424 3300 usum
1448 3246 1479 3298 et

230 3338 472 3400 commoditatem
494 3337 646 3400 hominum
669 3338 763 3400 aedem
785 3337 1001 3400 celebrantium
1013 3334 1054 3420 8).

312 3440 415 3519 Neque
436 3457 505 3500 vero
527 3437 644 3519 publica
666 3439 753 3501 modo
786 3437 987 3502 munificentia
1013 3437 1105 3500 Plinii
1126 3457 1287 3520 permagna
1309 3446 1393 3512 erat,
1427 3439 1478 3500 sed

230 3539 325 3601 etiam
346 3539 447 3601 multis
469 3539 572 3601 amicis
593 3539 720 3621 privatis
743 3539 822 3601 hand
837 3540 959 3619 exiguas
974 3539 1116 3620 pecunias
1130 3540 1223 3614 dedit,
1241 3540 1322 3601 velut
1336 3538 1479 3602 Romatio

229 3640 346 3715 Firmo,
373 3638 513 3720 municipi
536 3647 567 3702 et
589 3639 790 3721 condiscipulo
812 3649 843 3702 et
863 3639 1071 3702 contubernali
1091 3660 1162 3714 sno,
1185 3640 1232 3705 cui
1253 3641 1291 3703 ad
1313 3638 1480 3721 implendas

232 3751 383 3822 equestres
406 3740 564 3804 facultates
591 3749 724 3803 trecenta
745 3739 827 3804 milia
848 3760 1000 3804 nummum
1022 3741 1183 3825 chanliet).
1220 3741 1332 3805 Metilio
1355 3740 1480 3822 Crispo,

231 3841 372 3922 municipi
394 3860 464 3916 suo,
493 3842 540 3904 cui
562 3850 728 3922 equestrem
750 3842 881 3905 ordinem
903 3842 1131 3923 impetraverat,
1159 3842 1360 3924 proficiscenti
1381 3841 1481 3924 aliquo

231 3942 434 4025 quadraginta
455 3942 538 4005 milia
558 3961 710 4005 nummum
731 3943 769 4005 ed
783 3941 988 4006 instruendum
1003 3963 1035 4006 se
1050 3944 1272 4026 ornandumque
1288 3943 1412 4006 donavit
1424 3941 1480 4025 ¹⁰).

231 4043 385 4107 Valerium
406 4043 579 4107 Martialem
603 4044 788 4106 secedentem
814 4045 975 4126 aliquando
998 4043 1124 4107 ’'vmtico
1146 4052 1193 4107 est
1214 4043 1410 4126 prosecutus'’
1423 4039 1479 4129 ¹¹).

279 4225 299 4298 ¹)
321 4234 408 4298 Quam
432 4232 454 4286 ia
477 4232 622 4306 imaginem
644 4249 716 4287 rerae
738 4230 910 4290 liberalitatis
925 4232 1015 4288 animo
1029 4230 1203 4302 concepisset,
1229 4230 1288 4304 ipse
1302 4240 1397 4303 aperte
1413 4231 1480 4287 indi·

232 4319 304 4373 cavit
326 4320 354 4382 9,
378 4319 427 4375 30.
583 4313 605 4385 ²)
630 4319 658 4384 t,
681 4321 710 4383 ’1,
733 4319 760 4374 3.

276 4398 298 4468 ³)
323 4403 350 4469 l,
377 4406 422 4470 18,
447 4405 473 4462 2.
495 4406 559 4464 ibid.
581 4406 717 4470 invenies,
746 4422 799 4478 quo
821 4405 932 4461 consilio
954 4405 1070 4469 cavent,
1099 4422 1134 4458 ne
1154 4410 1204 4460 aut
1229 4422 1288 4459 sors
1315 4405 1481 4460 dilaberetur
1517 4431 1519 4436 v

232 4498 280 4547 aut
302 4492 329 4546 in
352 4501 490 4563 posterum
512 4496 629 4550 incertus
651 4494 754 4547 reditus
777 4500 854 4548 esset.

276 4573 299 4644 ⁴)
322 4579 350 4643 4,
376 4580 423 4644 13,
447 4581 473 4638 5.
608 4573 634 4648 5)
657 4580 709 4635 Gir.
731 4580 811 4634 lusor.
838 4581 862 4635 1.
998 4571 1021 4641 6)
1046 4577 1074 4641 3,
1098 4577 1124 4631 6.
1261 4570 1283 4641 ¹)
1306 4578 1335 4641 4,
1361 4580 1387 4642 l,
1411 4579 1438 4634 5.

275 4658 298 4733 ⁸)
321 4667 349 4730 9,
373 4666 422 4723 39.
557 4661 583 4735 ⁰)
610 4669 635 4731 1,
660 4668 708 4731 19,
732 4665 759 4720 2.
897 4657 931 4731 ¹⁰)
954 4666 983 4729 6,
1007 4664 1056 4728 25,
1079 4661 1106 4718 3.
1246 4661 1291 4727 ¹¹)
1314 4665 1342 4728 3,
1367 4665 1416 4730 21,
1440 4665 1467 4720 2.
