3264 5332
232 444 271 503 44
721 447 747 503 J.
769 447 800 504 P.
824 448 991 520 Lagergren.

230 619 260 694 8,
285 618 332 694 18,
354 621 383 682 2.
427 619 570 701 Quisquis
593 619 654 694 ille,
675 620 912 702 qualiscumque,
934 619 1058 684 sileatur
1078 619 1108 694 8,
1129 623 1180 693 22,
1201 621 1230 683 4.
1264 621 1300 682 In
1323 616 1484 699 prasentia

231 719 366 801 quidem,
398 720 530 802 quisquis
563 721 652 802 paulo
682 722 828 784 vetustior
857 721 954 796 miles,
987 721 1036 784 hie
1067 727 1097 782 te
1123 719 1324 784 commilitone
1346 726 1486 782 censetur

231 821 306 882 Pan.
333 820 379 882 15.

314 921 361 984 Ne
384 921 413 984 in
435 921 658 1003 interrogativis
680 922 798 1004 quidem
821 922 1079 986 enuntiationibus
1101 922 1267 996 indireetis,
1289 940 1356 1003 qnae
1371 938 1485 982 vocan-

233 1031 291 1094 tur,
314 1042 382 1084 rara
405 1032 451 1085 est
473 1024 584 1105 ellipsis
608 1024 703 1096 verbi,
727 1023 822 1085 velut:
921 1049 923 1054 ’

313 1122 409 1185 Vides
432 1124 510 1205 quod
531 1125 694 1206 periculum
724 1124 751 1186 si
772 1125 990 1204 respondissem
1017 1123 1140 1200 ''bene'’,
1166 1125 1243 1205 quod
1265 1121 1427 1202 llsgitium,
1459 1121 1485 1184 si

232 1223 347 1284 '’male’'
376 1225 403 1297 1,
425 1225 453 1298 5,
474 1225 501 1287 5.
535 1225 703 1305 Imaginare
725 1244 791 1307 quae
813 1225 981 1288 sollicitudo
1004 1226 1103 1301 nobis,
1126 1225 1175 1306 qui
1198 1232 1295 1288 metus
1323 1222 1485 1298 2,11,11.

231 1323 381 1387 Dixerunt
402 1345 434 1388 ss
458 1325 613 1406 deceptos,
635 1327 749 1406 lapsine
770 1326 860 1388 verbo
883 1326 968 1402 (oud.
990 1326 1066 1401 sint,
1089 1327 1249 1398 incertum,
1271 1322 1398 1388 dubium
1420 1327 1485 1403 est),

232 1445 269 1486 an
301 1425 369 1506 quia
395 1427 438 1488 its
464 1427 635 1490 sentiebant
657 1427 686 1502 5,
708 1427 738 1500 4,
760 1428 788 1487 2.
834 1427 969 1491 Pertinet
991 1428 1029 1490 ad
1051 1427 1217 1508 profectum
1240 1435 1324 1489 tuum
1347 1444 1366 1487 a
1388 1425 1485 1487 diser·

232 1526 347 1588 tissime
369 1526 431 1589 viro
454 1527 582 1601 discere,
608 1528 678 1609 quid
701 1526 904 1601 laudandum,
929 1529 998 1609 quid
1021 1527 1293 1609 reprehendendum
1326 1526 1358 1600 8,
1383 1526 1432 1598 13,
1456 1525 1483 1588 1.

232 1626 346 1702 (11.8,
371 1628 418 1702 14,
440 1626 467 1690 6.
513 1631 634 1692 Verane
656 1628 721 1690 haec
742 1627 900 1690 adfirmare
929 1647 988 1692 non
1018 1630 1113 1694 ausim
1135 1627 1164 1703 9,
1189 1629 1236 1703 13,
1256 1626 1307 1690 25.
1350 1626 1485 1689 Posteris

230 1747 268 1789 an
291 1728 391 1808 aliqua
412 1748 484 1791 cura
506 1729 600 1792 nostri
626 1729 724 1791 nescio
746 1727 775 1802 9,
800 1726 846 1802 14,
870 1728 897 1790 1.

313 1829 492 1910 Frequenter
520 1839 619 1894 autern
648 1849 686 1892 ex
714 1827 805 1890 verbo
832 1829 1045 1903 antecedente,
1077 1829 1194 1893 etiamsi
1216 1828 1375 1892 admodum
1398 1827 1484 1908 longe

231 1937 377 1992 remotum
405 1939 466 2004 est,
499 1940 552 1995 aut
579 1951 616 1992 ex
642 1931 844 2010 subsequente
866 1930 927 1993 elia
949 1931 1082 2010 ejusdem
1109 1930 1192 1993 verbi
1215 1931 1312 1992 forma
1334 1929 1484 1992 audienda

232 2041 290 2104 est,
312 2040 364 2093 aut
386 2051 424 2093 ex
445 2032 510 2112 ipsa
534 2031 688 2094 verborum
712 2029 934 2094 continuatione
955 2032 1151 2112 supplendum
1167 2041 1272 2112 aptum
1287 2030 1429 2105 verbum,
1452 2040 1485 2094 ut

231 2151 269 2194 ex
291 2132 336 2194 bis
359 2132 502 2212 exemplis
525 2132 715 2212 intelligitur:

312 2232 389 2294 Illud
423 2233 501 2294 enirn
532 2252 585 2295 nec
614 2233 644 2294 di
671 2233 787 2305 sinant,
821 2241 854 2295 ut
885 2233 1030 2296 infirmior
1057 2232 1141 2311 (nod.
1163 2232 1291 2296 audiam
1324 2253 1362 2296 ex
1394 2241 1484 2296 ante-

231 2333 406 2396 cedentibus
429 2333 528 2396 verbis
551 2333 730 2396 ''eruditarus
752 2333 851 2413 snm')
872 2336 902 2408 2,
918 2336 947 2410 2,
963 2335 992 2396 3.
1025 2335 1136 2396 Iterum
1159 2335 1271 2398 elamor
1293 2333 1483 2412 (ond.oudi-

230 2443 280 2496 tue
302 2453 340 2496 ex
362 2435 554 2496 antecedente
577 2433 724 2513 ''audit'’),
746 2433 851 2496 iterum
874 2434 993 2498 reticuit
1007 2435 1038 2509 2,
1055 2434 1102 2509 14,
1118 2435 1166 2497 11.
1199 2435 1356 2506 Quomodo
1378 2443 1408 2498 te
1430 2457 1483 2500 ve-

231 2544 311 2597 teres
339 2535 434 2597 Marsi
463 2535 527 2597 tui?
558 2535 643 2613 (auci.
666 2544 809 2610 tractant,
838 2537 915 2617 quod
937 2534 1143 2619 subsequitur)
1170 2538 1199 2611 2,
1224 2536 1271 2611 lb,
1295 2538 1322 2599 1.
1365 2537 1483 2600 Deinde

231 2636 374 2709 considit,
400 2644 431 2697 et
453 2635 528 2699 liber
549 2656 650 2698 rursus
673 2636 757 2714 (aud.
779 2633 897 2720 legitur,
925 2637 1001 2718 qnod
1024 2638 1189 2718 antecedit)
1211 2646 1263 2698 aut
1285 2655 1384 2700 sermo
1407 2638 1482 2701 libro

231 2737 329 2816 potior
351 2735 615 2820 (cud.eepic'cotue
636 2757 673 2800 ex
695 2738 894 2801 antecedente
917 2735 1154 2820 ‘’septicentuc·'’)
1176 2739 1205 2812 3,
1223 2738 1248 2812 l,
1263 2737 1291 2799 5.
1334 2738 1483 2803 Necessa-

232 2840 306 2902 rium
329 2838 440 2902 credidi
464 2838 617 2900 elaborare
640 2847 673 2900 ut
696 2848 848 2902 constaret
870 2838 1067 2901 ministerium
1091 2839 1199 2901 crimen
1226 2858 1306 2902 esso:
1328 2840 1407 2920 quod
1430 2840 1487 2903 nisi

232 2941 406 3012 effecissem,
440 2941 554 3001 frustra
586 2939 738 3002 ministros
771 2939 856 3018 (ond.
878 2948 1012 3002 nocentes
1044 2959 1104 3002 esee
1131 2959 1169 3001 ex
1194 2940 1292 3001 verbis
1313 2939 1389 3013 illis,
1421 2961 1487 3023 quae

231 3041 425 3116 antecedunt,
447 3039 527 3104 ’'nmc'
547 3038 599 3104 illo
621 3040 757 3104 nocente*
780 3040 863 3124 112)
887 3042 1059 3121 probassem
1081 3039 1156 3117 3,9,
1174 3039 1222 3102 14.
1263 3039 1436 3121 Simplicius
1457 3049 1488 3104 et

231 3143 356 3207 amicius
378 3143 473 3206 visum
497 3152 543 3206 est
565 3143 664 3204 omnia
686 3140 774 3226 (oud.
788 3139 925 3205 cohibere
948 3159 987 3203 ex
1002 3141 1199 3204 antecedente
1216 3139 1437 3223 ’'cohiberem')
1459 3144 1489 3218 3,

234 3246 281 3318 10,
293 3245 322 3308 4.
354 3244 494 3306 Utinam!
517 3244 601 3319 (end.
610 3263 730 3327 possem
753 3262 791 3304 ex
812 3242 1005 3304 antecedente
1028 3239 1159 3324 '’peotes’)
1181 3241 1210 3316 5,
1221 3242 1251 3317 8,
1263 3236 1291 3305 7.
1327 3243 1394 3306 Ηοο
1416 3252 1488 3308 tuuc

232 3344 393 3426 ego(our1.
416 3343 607 3420 recordabar,
634 3344 712 3425 quod
735 3339 904 3426 antecedit)
925 3340 955 3416 6,
976 3335 1025 3415 27,
1046 3342 1076 3404 4.
1125 3342 1204 3405 Illud
1231 3362 1346 3424 quoque
1372 3343 1487 3426 egregie

231 3446 317 3525 (cuci.
328 3444 428 3528 fecisti
449 3465 486 3508 ex
508 3445 607 3508 verbis
630 3443 704 3517 illis,
726 3464 790 3525 quae
813 3444 1005 3517 antecedunt,
1028 3440 1121 3506 ’'recte
1135 3441 1258 3528 fecisti''
1274 3443 1289 3525 1
1305 3444 1334 3525 1)
1350 3443 1380 3518 6,
1395 3445 1487 3520 312.

232 3547 367 3610 invicem
388 3554 438 3620 tu,
460 3547 485 3608 si
508 3546 577 3629 quid
600 3546 667 3608 istic
689 3544 819 3625 epistula
842 3543 980 3624 dignum,
1003 3563 1040 3606 ne
1062 3563 1186 3623 gravare
1209 3545 1278 3623 (int.
1301 3543 1429 3609 scribere
1451 3565 1488 3608 ex

231 3648 331 3712 verbis
353 3648 426 3720 illis,
448 3667 513 3729 quae
533 3649 671 3727 leguntur
690 3645 704 3728 1
722 3646 775 3708 11:
799 3641 906 3706 '’bobes
927 3664 1027 3708 omnes
1041 3641 1169 3730 fabulas
1190 3643 1310 3726 urbis’)
1332 3644 1486 3721 8,18,11.

231 3751 298 3814 Hoc
330 3769 445 3832 quoqne
478 3767 535 3812 nnn
570 3747 723 3819 dissimile,
757 3745 833 3827 quod
863 3745 902 3806 ad
931 3765 1012 3810 mare
1037 3755 1086 3819 tu,
1107 3764 1159 3826 ego
1182 3747 1220 3808 ad
1241 3746 1364 3809 Lerium
1386 3745 1486 3811 laeum

231 3851 319 3937 (oud.
342 3851 473 3938 edifica,
496 3850 573 3931 quod
596 3845 763 3928 antecedit)
786 3847 815 3922 9,
838 3839 866 3920 7,
890 3847 916 3909 1.
952 3846 1051 3910 Addie
1074 3847 1177 3910 melius
1199 3847 1366 3928 rectiusque
1387 3848 1487 3910 Fron·

231 3953 327 4016 tinum
361 3953 427 4030 (int.
443 3950 585 4036 fecisse),
618 3949 696 4030 quod
729 3947 858 4010 vetuerit
890 3948 1009 4010 omnino
1042 3957 1267 4010 monumentum
1288 3947 1347 4010 sibi
1368 3948 1434 4010 lieri
1456 3948 1486 4023 9,

234 4053 332 4127 19,1.
380 4051 511 4116 Primum
545 4059 591 4112 est
622 4058 722 4111 autem
755 4068 809 4111 sno
841 4067 906 4110 esse
939 4056 1130 4121 contentum,
1163 4048 1270 4110 deinde
1304 4049 1370 4127 (int.
1395 4049 1486 4123 dccet,

232 4159 359 4239 oportet)
388 4159 461 4235 quos
489 4150 635 4231 precipue
660 4149 738 4212 scias
764 4149 897 4229 indigere
925 4157 1144 4212 sustentantem
1174 4151 1383 4231 foventemque
1415 4151 1485 4213 orbe

232 4258 359 4336 quodam
387 4251 565 4316 socialitatis
598 4250 712 4312 ambire
745 4248 774 4324 9,
796 4250 848 4323 30,
870 4251 899 4312 3.
942 4251 1049 4313 Merito
1079 4269 1169 4312 necne
1197 4249 1282 4327 (aud.
1305 4250 1484 4334 aequaveris,

232 4357 308 4437 quod
330 4352 515 4437 antecedit),
537 4359 672 4415 neutram
699 4349 728 4412 in
754 4359 870 4430 partem
894 4351 1051 4414 decernere
1073 4350 1234 4412 audeamus
1255 4350 1331 4414 Pan.
1353 4348 1404 4413 91.
1447 4353 1484 4414 In

233 4457 334 4519 eodem
363 4474 470 4537 genere
498 4448 726 4533 Grasberger1)
754 4450 856 4531 posuit
877 4451 1071 4525 locutionem,
1103 4458 1252 4532 quaest:
1285 4448 1370 4520 Quos
1393 4451 1484 4515 latium

232 4556 298 4630 (int.
320 4554 415 4640 loque)
438 4556 526 4636 hujus
548 4553 639 4618 libelli
660 4569 744 4615 amor
765 4551 866 4615 docuit
887 4545 916 4626 7,
937 4551 968 4626 4,
990 4550 1019 4615 9.

231 4684 428 4696 Μι-

280 4740 307 4808 ¹)
329 4743 347 4798 l.
362 4742 380 4797 1.
402 4759 466 4815 pag.
484 4741 531 4798 14.
