3226 5332
246 461 285 515 94
736 461 761 516 J.
784 461 815 515 P.
839 459 1006 530 Isag'ergren.

242 640 367 693 mortem
400 627 594 694 inrevocabili
625 633 796 695 constantia
822 632 991 694 decucurrit
1022 631 1054 704 3,
1078 623 1115 703 7,
1142 629 1174 689 2.
1206 625 1309 712 (anr.
1332 629 1407 692 Hor.
1430 629 1496 692 Liv.

245 731 296 806 42,
319 729 370 805 62,
392 732 420 793 3.
443 730 547 813 post).

329 829 559 916 Insuperobllia
582 832 631 914 qui
654 853 712 895 non
734 841 836 914 potest
857 831 999 914 superari,
1021 831 1139 892 dicitur.
1182 829 1216 893 Si
1238 838 1316 892 asset
1336 831 1498 914 insuper-o-

244 929 313 994 dilis
345 930 527 1014 (valetudo),
560 943 666 1013 sponte
699 934 792 996 exiret
824 955 840 996 e
872 935 936 996 vita
966 933 994 1005 1,
1015 933 1066 1005 22,
1087 930 1115 992 8.
1139 927 1211 1012 (Ov.
1233 930 1328 1013 post.)
1356 930 1440 1014 (Liv.
1462 932 1497 994 da

245 1033 377 1096 transitu
401 1034 508 1096 montis
530 1043 560 1096 et
581 1033 724 1114 ejusmodi
746 1036 835 1098 rebus
858 1033 1004 1098 vocabulo
1027 1051 1098 1094 usus
1120 1029 1191 1115 ast).
1221 1031 1311 1094 Plinii
1333 1032 1398 1094 loco
1420 1032 1497 1093 idem

244 1134 406 1213 significat,
429 1135 508 1216 quod
530 1133 716 1197 insanabilis.

327 1232 490 1298 Interritus
511 1255 563 1316 pro
586 1256 645 1298 1111
664 1236 840 1319 perterrito,
869 1233 1056 1297 1111111111
1079 1232 1209 1314 ponitur.
1252 1233 1354 1296 Audio
1376 1233 1499 1296 interri-

244 1343 291 1396 tus
312 1334 342 1409 9,
367 1336 414 1410 13,
435 1335 464 1398 8.
487 1336 561 1398 Pan.
584 1335 634 1398 64.
658 1337 764 1420 (Verg.
788 1336 865 1398 Aen.
887 1335 918 1411 5,
940 1330 1012 1398 427.
1035 1335 1064 1407 5,
1085 1331 1156 1396 863.
1181 1334 1230 1408 11,
1250 1329 1320 1397 837.
1344 1333 1497 1398 01111111.

245 1433 348 1506 Quint.
372 1435 440 1499 Seu.
465 1435 530 1520 11,).

326 1533 484 1599 1111111111
511 1557 565 1618 pro
593 1537 729 1625 infirmo,
750 1536 905 1602 imbecillo.
949 1533 1130 1601 Stomachus
1151 1534 1195 1596 illi
1216 1533 1371 1600 invalidus
1391 1545 1422 1598 et
1443 1556 1497 1599 an·

245 1646 348 1717 gustus
370 1645 437 1700 erat
459 1635 487 1713 6,
512 1636 560 1712 16,
585 1637 632 1701 19.
655 1637 763 1724 (Verg.
786 1637 843 1702 Ov.
866 1640 934 1702 Liv.
955 1636 1059 1723 post).

326 1825 374 1886 Ex
396 1824 550 1903 adjectivis
572 1823 678 1887 in·olis
706 1826 724 1888 l.
747 1826 829 1889 -aris
852 1825 1057 1888 desinentibus
1078 1845 1098 1887 a
1120 1823 1288 1886 nominibus
1315 1821 1413 1885 ductis
1435 1821 1496 1884 Pli-

245 1925 312 1988 nius
335 1926 390 1987 hoc
413 1945 540 1989 novasse
561 1926 696 1989 videtur:

325 2023 536 2089 sacerdotalis.
579 2026 682 2088 Ludos
710 2028 915 2091 sacerdotales
944 2026 1021 2088 dixit
1048 2027 1133 2088 ludos
1161 2026 1410 2088 asacerdotibus
1433 2045 1495 2088 mu-

243 2146 312 2189 nera
335 2127 507 2190 ineuntibus
529 2129 636 2190 factos.
669 2128 819 2192 Proximis
840 2125 1072 2191 sacerdotalibus
1094 2125 1172 2190 ludis
1192 2127 1346 2207 productis
1368 2127 1399 2188 in
1416 2145 1495 2190 com-

241 2228 380 2291 missione
401 2227 595 2308 pantomimis
617 2223 646 2303 7,
668 2229 718 2304 24,
741 2228 770 2291 6.

325 2361 400 2423 Cum
423 2362 590 2444 aequalibus
613 2363 640 2424 ei
663 2363 831 2425 communia
853 2371 940 2425 suut:

325 2459 553 2546 Extemporalis
574 2464 610 2525 de
634 2465 767 2526 oratione
790 2464 898 2526 dicitur
919 2482 972 2544 pro
995 2483 1045 2538 eo,
1067 2463 1146 2545 quod
1169 2473 1215 2526 est
1235 2463 1348 2539 116111,
1363 2461 1495 2550 fortuita

242 2562 345 2625 oratio.
389 2561 481 2643 Apud
503 2563 633 2626 Plinium
656 2572 819 2645 usurpatur
844 2565 880 2627 de
908 2565 1010 2643 figuris
1032 2563 1184 2626 orationis.
1227 2566 1263 2626 In
1286 2565 1402 2646 optima
1423 2583 1495 2645 qua-

241 2683 297 2745 que
310 2660 476 2748 (oratione)
491 2664 569 2725 mille
581 2665 692 2745 figuras
708 2663 922 2750 ostampooolcs
944 2665 1108 2728 invenimus
1133 2666 1160 2740 1,
1175 2665 1225 2739 20,
1243 2666 1291 2728 10.
1305 2663 1346 2751 ¹).
1374 2663 1493 2750 (Quint.

241 2765 313 2826 Tac.
337 2763 422 2828 Suet.
442 2766 533 2839 Mart,
554 2764 660 2848 Petu).

326 2861 513 2928 Universols's
534 2885 587 2947 pro
609 2867 763 2940 universe,
783 2865 926 2951 pcneroll.
955 2867 1038 2930 Nihil
1059 2867 1248 2929 inveniebam
1271 2875 1324 2929 aut
1344 2866 1494 2946 proprium

246 2974 298 3028 aut
321 2964 490 3028 universale
512 2967 589 3048 quod
613 2969 651 3029 ad
673 2967 821 3050 Bithynos
843 2969 1000 3030 referretur
1024 2969 1072 3042 10,
1094 2966 1134 3032 65
1157 2961 1241 3053 (71),
1262 2969 1291 3029 2.
1314 2964 1465 3052 (Quinc).

321 3101 421 3163 Etiam
455 3101 535 3181 apud
567 3102 734 3182 superiores
766 3101 927 3183 scriptores
953 3102 1059 3164 iisdem
1086 3101 1353 3182 significationibus
1387 3103 1493 3184 quibus

239 3202 317 3284 apud
341 3200 482 3273 Plinium,
503 3203 557 3264 sed
580 3203 674 3265 rarius
691 3210 828 3265 exstant:

321 3299 515 3364 Matronales.
558 3303 728 3366 Matronale
751 3303 868 3376 dicitur,
901 3305 978 3384 quod
1002 3305 1152 3385 proprium
1181 3311 1228 3365 est
1251 3313 1404 3367 matronae.
1447 3305 1493 3367 Illi

238 3400 417 3465 matronalis
450 3403 582 3483 gravitas
616 3414 680 3467 erat
709 3405 737 3478 5,
763 3402 810 3478 16,
832 3405 860 3465 2.
885 3398 914 3478 7,
936 3405 986 3480 24,
1010 3406 1036 3467 1.
1064 3404 1139 3491 (01.
1161 3405 1247 3466 Fast.
1270 3405 1299 3477 2,
1322 3403 1394 3468 828.
1427 3404 1491 3468 Liv.

239 3501 288 3578 26,
310 3501 361 3578 49,
386 3501 432 3565 15.
456 3503 560 3588 post).

320 3601 483 3666 Puellorls.
527 3606 666 3669 Puellare
694 3605 811 3679 dicitur,
845 3607 923 3686 quod
951 3606 1100 3687 proprium
1131 3615 1178 3668 est
1199 3605 1313 3686 puellae.
1356 3605 1407 3668 Illi
1430 3614 1492 3669 erat

236 3705 371 3768 suavitas
392 3703 538 3788 puellaris
560 3705 588 3781 6,
613 3706 659 3783 16,
683 3709 711 3769 2.
735 3704 806 3792 (Ov.
830 3704 934 3776 Quint.
958 3707 1059 3790 Tac).

319 3893 368 3955 Ex
401 3891 557 3971 adjectivis
589 3891 689 3956 111-1111
723 3892 840 3957 11-61111
875 3891 1053 3955 exeuntibus
1080 3913 1099 3955 a
1126 3893 1224 3954 verbis
1250 3892 1349 3955 ductis
1378 3893 1491 3956 Plinius

237 3994 293 4056 hoc
316 3993 455 4056 novavit:

320 4089 531 4156 Monstrobilis
559 4112 612 4173 pro
638 4092 751 4157 illustri
758 4143 765 4169 ,
798 4095 913 4182 insipni
944 4094 1060 4158 dicitur.
1104 4093 1161 4156 Est
1189 4093 1340 4172 probitate
1363 4115 1490 4167 morum,
1582 4165 1585 4180 Ι

236 4196 348 4277 ingenii
370 4193 521 4275 elegantia
543 4213 666 4274 operum
689 4197 834 4258 varietata
856 4193 1062 4260 rnonslrabllls
1089 4194 1119 4269 6,
1141 4194 1191 4268 21,
1213 4194 1243 4255 3.

319 4329 394 4391 Cum
418 4329 584 4409 aequalibus
607 4329 633 4389 11
657 4348 812 4390 commuue
835 4340 894 4393 est:

318 4426 519 4502 Favorabllls,
542 4448 606 4509 quae
629 4449 688 4492 vox
710 4450 728 4491 a
747 4429 864 4510 Vellejo
887 4431 981 4514 primo
1004 4437 1149 4512 usurpata
1170 4435 1226 4503 est,
1248 4436 1278 4492 et
1292 4449 1345 4510 pro
1362 4429 1489 4510 gratioso

281 4609 298 4678 Ι)
322 4616 398 4678 Quod
422 4616 513 4668 Krebs
543 4617 559 4670 1.
583 4617 599 4670 l.
624 4636 643 4672 s.
667 4637 690 4672 v.
713 4615 868 4677 contendit,
896 4619 969 4685 apud
999 4615 1115 4670 Plinium
1148 4634 1239 4670 vocem
1267 4613 1388 4669 crebram
1420 4630 1487 4672 esse,

233 4702 258 4755 id
284 4718 337 4754 non
361 4707 402 4752 est
424 4718 531 4763 verum,
557 4719 618 4756 uam
644 4710 826 4774 praeterquam
851 4701 898 4756 illo
922 4705 979 4756 loco
1003 4719 1135 4771 nusquam
1159 4707 1256 4757 exstat.
