3264 5332
251 441 289 500 74
738 444 764 500 J.
787 445 819 501 P.
841 445 1009 518 Lugergrcn.

331 613 438 678 Electa
470 611 544 702 (des.
566 615 633 701 sio.)
668 619 806 682 dicuntur
831 618 888 682 loci
915 638 954 681 ex
979 618 1103 682 aliorum
1130 619 1213 682 libris
1242 615 1394 698 excerpti,
1426 637 1498 699 quos

248 715 409 796 collegerat
432 725 462 779 et
484 720 702 782 carnulentariis
733 720 897 784 incluserat
923 719 1038 783 Plinius
1065 719 1169 800 major.
1222 717 1397 782 Electomem
1418 738 1498 781 com-

249 817 410 880 mentarios
433 827 549 882 centum
572 821 729 899 sexaginta
751 821 822 884 mihi
844 821 962 902 reliquit
981 822 1010 894 3,
1032 822 1061 895 5,
1086 815 1133 883 ll'.

330 916 501 982 Laudiceni
522 916 677 1005 (5115515.)
701 923 794 984 latine
816 923 1000 986 vocabantur
1021 921 1302 1002 plausoresamalis
1317 920 1498 996 oratoribus,

248 1027 279 1080 ut
308 1019 476 1082 dicentibus
500 1022 557 1084 sibi
578 1023 767 1104 plauderent,
800 1024 946 1087 conducti.
990 1022 1094 1086 Graece
1123 1023 1299 1086 dicebantur
1320 1019 1498 1106 σοφοκλεΐς.

247 1120 343 1182 lsdern
367 1119 495 1183 latinum
518 1143 622 1185 nornen
646 1124 808 1204 inpositum
830 1133 876 1187 est
898 1123 1102 1186 '’Laudiceni'’
1124 1126 1154 1197 2,
1179 1124 1226 1196 14,
1247 1123 1276 1184 5.

329 1217 511 1304 Sesquiborc
532 1216 605 1311 (dre.
626 1223 699 1309 sio.)
722 1245 812 1288 55551
835 1225 938 1288 buram
962 1233 994 1288 et
1015 1224 1170 1288 dimidiam
1190 1224 1347 1305 significat.
1382 1224 1496 1306 Super-

246 1329 312 1384 erat
332 1324 506 1404 sesqulhore
527 1324 557 1401 4,
578 1324 609 1400 9,
630 1326 660 1390 9.

330 1456 384 1520 Η15
409 1478 514 1520 novam
539 1461 597 1522 vim
619 1458 761 1540 subjecit:

327 1555 409 1620 Acer
434 1579 486 1640 per
515 1561 743 1623 translationem
765 1559 872 1622 dicitur
894 1561 952 1621 lere
974 1577 1027 1640 pro
1049 1559 1215 1624 5151511515.
1258 1561 1373 1623 Hortor
1394 1570 1429 1625 ut
1446 1563 1494 1642 ju·

244 1659 455 1722 cundissimum
488 1681 580 1741 genus
613 1663 683 1724 1115
716 1661 863 1722 555551115
899 1659 984 1741 quasi
1023 1661 1163 1725 acoribus
1194 1662 1318 1723 condias
1353 1655 1385 1734 7,
1408 1665 1443 1738 3,
1463 1662 1491 1725 5.

243 1760 383 1842 (Propria
415 1762 631 1841 significatione
664 1763 700 1824 de
734 1762 795 1824 acri
828 1781 932 1842 sapore
959 1761 1087 1843 potionis
1119 1784 1146 1824 v.
1170 1762 1229 1825 cibi
1257 1762 1302 1824 usi
1330 1770 1403 1825 sunt
1430 1763 1491 1827 (inl.

242 1861 346 1932 Quint.
369 1862 447 1925 Plin.
471 1860 569 1947 maj).
602 1863 792 1926 Vocabulum
815 1881 872 1924 uon
895 1862 1012 1924 videtur
1034 1864 1185 1926 veteribus
1212 1863 1409 1944 scriptoribus
1432 1864 1490 1928 usi-

241 1972 338 2027 tatum
362 1964 460 2026 luisse.

324 2061 436 2128 Cobors
464 2084 520 2126 non
547 2065 622 2128 solet
643 2064 780 2143 usurpari
802 2064 859 2127 nisi
882 2065 918 2126 de
935 2063 1074 2148 peditum
1095 2084 1231 2138 numero,
1253 2065 1305 2126 scd
1327 2066 1408 2147 apud
1431 2066 1491 2130 Pli-

241 2167 320 2228 nium
350 2166 456 2245 legitur
477 2165 581 2228 colrois
606 2166 763 2250 equestris,
792 2167 821 2228 iu
844 2186 904 2247 qua
926 2166 1047 2228 cohorte
1069 2167 1207 2228 credibile
1230 2175 1276 2226 est
1300 2167 1415 2248 equites
1436 2167 1491 2230 im-

241 2267 350 2329 mixtos
374 2267 463 2328 luisse
486 2267 644 2346 peditibus.
680 2267 772 2329 Accio
794 2265 922 2347 Aquila,
948 2267 1120 2330 centurione
1142 2265 1268 2330 cohortis
1290 2277 1385 2330 sextae
1406 2288 1489 2352 eque-

239 2368 311 2430 stris
335 2368 382 2440 10,
407 2367 465 2431 106
487 2362 588 2453 (107).

322 2465 415 2530 Juba.
460 2469 528 2530 Hac
561 2488 649 2543 voce,
682 2468 760 2551 quod
783 2469 892 2542 sciam,
926 2487 1011 2530 nemo
1039 2474 1108 2531 5515
1135 2467 1264 2530 Plinium
1292 2489 1362 2532 usus
1386 2479 1434 2532 est
1455 2471 1489 2533 de

240 2578 348 2632 ornatu
376 2568 527 2632 orationis.
571 2569 657 2633 Illam
685 2568 883 2656 (oraticnem)
906 2569 963 2630 tori
985 2568 1104 2649 quidam
1127 2576 1157 2631 et
1178 2570 1264 2651 quasi
1280 2568 1364 2655 jubae
1386 2573 1491 2635 decent

239 2668 321 2745 5,8,
346 2671 392 2731 10.

322 2769 490 2834 Masculus.
533 2772 612 2834 Num
636 2772 692 2834 hac
714 2791 785 2835 voce
807 2779 914 2853 praeter
935 2770 1063 2832 Plinium
1087 2769 1193 2849 aliquis
1215 2791 1286 2832 usus
1308 2771 1349 2834 sit
1369 2772 1409 2834 ad
1431 2773 1489 2834 vim

239 2873 383 2935 orationis
406 2871 645 2952 significandam,
668 2873 787 2948 dubito,
809 2891 989 2954 quamquam
1011 2890 1141 2952 persaepe
1164 2871 1259 2934 oratio
1281 2892 1348 2934 cum
1369 2893 1490 2954 corpore

238 2975 315 3036 solet
346 2974 482 3036 conferri.
526 2974 615 3038 Hanc
647 2971 838 3058 (historiam)
870 2973 978 3054 saepius
1010 2991 1078 3034 ossa
1110 2970 1235 3034 musculi
1268 2974 1351 3035 nervi
1383 2975 1491 3037 decent

237 3075 266 3147 5,
288 3073 318 3148 8,
346 3076 390 3136 10.

319 3174 442 3238 Pectica
467 3175 615 3255 significat
638 3176 792 3248 baculum,
819 3193 965 3256 quocum
992 3175 1030 3237 ad
1059 3175 1168 3237 multas
1190 3175 1265 3237 51155
1291 3194 1338 3237 155
1360 3175 1489 3238 uteban-

237 3285 285 3339 tur
317 3285 381 3338 tum
410 3277 449 3337 ad
472 3294 558 3355 agros
580 3277 737 3338 metendos
761 3277 866 3359 (Prop.
895 3276 925 3349 5,
951 3276 976 3349 1,
1001 3276 1070 3352 130,
1093 3276 1139 3339 ed.
1162 3274 1259 3358 Keil.)
1287 3295 1341 3357 pro
1370 3277 1489 3339 decem·

237 3377 322 3457 peda.
366 3378 454 3440 Hanc
483 3377 562 3438 vocis
585 3376 644 3438 vim
666 3376 781 3438 Plinius
802 3377 833 3437 15
856 3375 1018 3450 155511555,
1049 3397 1115 3458 quae
1137 3377 1166 3438 iu
1189 3377 1339 3458 proverbii
1360 3397 1489 3440 consue-

236 3477 370 3539 tudinem
405 3477 523 3540 videtur
555 3478 686 3550 venisse,
718 3476 872 3538 transtulit
906 3476 943 3538 ad
977 3477 1095 3540 modum
1123 3487 1153 3539 et
1183 3477 1331 3540 rationem
1353 3478 1489 3541 homines

235 3577 393 3640 tractandi.
437 3578 505 3640 Non
530 3598 600 3651 una,
621 3587 655 3639 ut
677 3576 794 3650 dicitur,
815 3575 945 3661 pertico,
967 3578 1020 3640 sed
1033 3577 1173 3641 distincte
1185 3577 1391 3660 gradatimque
1406 3588 1487 3643 trac-

235 3679 299 3741 tavi
320 3679 350 3753 8,
372 3682 403 3752 2,
424 3679 454 3742 8.

318 3777 547 3853 Retinaculum,
569 3778 646 3861 quod
669 3798 747 3859 saepe
774 3777 893 3859 punitur
915 3778 1005 3842 etiam
1028 3781 1106 3862 apud
1129 3789 1245 3844 veteres
1266 3781 1427 3863 scriptores
1450 3783 1485 3844 de

234 3882 376 3956 vinculis,
403 3882 510 3963 quibus
533 3880 642 3963 aliquid
665 3880 821 3954 retinetur,
842 3880 957 3943 Plinius
979 3881 1091 3963 primus
1114 3901 1167 3962 per
1187 3883 1416 3946 translationem
1438 3884 1485 3946 vi·

234 3984 320 4046 detur
352 4002 510 4063 usurpasse
537 3981 573 4043 de
601 3981 703 4056 rebus,
735 3983 841 4063 quibus
868 3981 956 4044 homo
978 3983 1008 4045 in
1032 3982 1095 4046 vita
1116 3982 1268 4045 retinetur.
1311 3984 1413 4048 Mults
1433 3983 1485 4047 illa

233 4085 312 4158 vitae,
334 4085 386 4147 sed
409 4084 525 4146 minora
546 4080 712 4145 1511555515
733 4083 854 4164 abrupit
879 4084 906 4157 l,
930 4084 978 4159 12,
1000 4082 1030 4146 8.

315 4183 473 4271 Simpultus
499 4185 579 4265 apud
611 4192 729 4246 veteres
761 4184 921 4263 scriptores
947 4185 1023 4248 solet
1055 4183 1190 4264 usurpari
1216 4184 1252 4246 de
1278 4185 1482 4268 plorantibus,

233 4288 283 4347 sed
315 4289 391 4368 apud
416 4287 545 4348 Plinium
574 4285 682 4350 dicitur
710 4286 746 4347 de
772 4285 946 4366 interruptis
972 4287 1052 4349 sonis
1074 4304 1158 4366 aquae
1180 4296 1414 4367 perangustum
1438 4290 1482 4351 lc-

232 4407 297 4449 cum
320 4388 506 4469 profluentis.
560 4387 616 4450 Illa
639 4385 794 4471 (ampulla
822 4395 979 4468 ceteraque
1006 4385 1119 4467 generis
1147 4383 1295 4472 ejusdem)
1316 4408 1371 4469 per
1392 4410 1481 4473 quas-

232 4487 300 4549 dam
334 4490 516 4551 obluctantis
544 4487 652 4550 anirnae
685 4506 782 4548 moras
815 4487 927 4548 crebris
959 4485 1046 4568 quasi
1066 4483 1245 4567 siayultibus
1267 4489 1383 4554 sistunt
1404 4491 1480 4574 quod

232 4589 388 4652 effundunt
409 4590 439 4664 4,
461 4591 511 4662 30,
534 4589 563 4652 6.

313 4687 433 4776 Species
464 4688 544 4770 apud
578 4697 693 4751 veteres
725 4686 886 4767 scriptores
920 4688 1046 4751 eandem
1079 4689 1140 4749 lere
1174 4686 1232 4749 vim
1265 4687 1357 4754 habet
1390 4701 1478 4775 atque
