3264 5332
286 437 325 494 er
776 444 802 498 J.
825 443 856 499 Ρ.
881 444 1048 518 amorgen.

366 609 555 678 Sinisteritas
577 611 650 696 (aira.
672 609 746 706 sip.)
768 619 804 680 de
825 615 967 693 stultitia,
987 618 1160 682 rusticitate.
1207 617 1284 690 Qaae
1305 616 1485 682 sinisteritas
1506 615 1538 678 in

284 712 340 774 hoc
361 721 457 776 totum
480 715 558 778 diem
581 717 756 798 inpendere.
778 727 811 782 ut
832 719 964 782 offendas
990 718 1018 796 6,
1043 713 1092 795 17,
1114 720 1142 784 3.
1164 720 1195 796 9,
1217 720 1246 794 5,
1267 722 1296 784 2.

369 899 424 961 His
447 919 554 963 novam
577 902 636 964 vim
659 903 814 984 imposuit:

367 1013 528 1080 Audeatia.
571 1019 659 1083 Hanc
690 1040 790 1084 vocam
818 1022 970 1085 veteribus
997 1021 1188 1098 inusitatam,
1219 1042 1279 1105 qna
1301 1019 1420 1102 propria
1442 1017 1538 1099 signi-

284 1116 423 1179 ficatione
446 1119 490 1182 usi
512 1127 583 1181 sunt
605 1121 677 1183 Tac.
701 1133 732 1184 et
753 1121 878 1198 Quint,
900 1122 1016 1185 Plinius
1037 1123 1082 1185 ita
1102 1125 1275 1198 transtulit,
1297 1132 1331 1186 ut
1352 1129 1479 1202 poneret
1501 1119 1537 1182 de

285 1218 411 1281 oratoris
432 1217 465 1280 in
487 1218 611 1282 dicendo
633 1221 773 1287 audacia.
810 1224 871 1287 Gur
892 1224 948 1286 tibi
970 1223 1075 1287 similis
1098 1224 1240 1289 aadmtia
1262 1222 1367 1309 (atque
1389 1219 1538 1303 Homero)

286 1336 343 1380 non
367 1319 470 1382 detur?
490 1320 520 1395 8,
542 1322 572 1396 4,
594 1321 624 1386 4.

366 1434 517 1502 Instantis
532 1448 563 1502 et
577 1459 631 1521 pro
646 1441 761 1517 stadio,
783 1441 967 1516 assiduitate,
989 1441 1069 1512 Quid
1084 1443 1220 1524 estquod
1237 1441 1300 1504 haec
1314 1439 1461 1502 instantia
1479 1458 1537 1501 non

284 1535 378 1618 possit
398 1539 533 1603 efficere?
555 1539 629 1615 3,5,
645 1541 691 1605 18.
716 1540 838 1627 (Gall),
860 1552 890 1604 et
912 1561 965 1623 pro
987 1542 1032 1616 oi,
1053 1542 1233 1608 vehementia
1251 1541 1396 1604 matianis
1418 1541 1537 1604 dicitur.

284 1638 358 1701 Haec
383 1636 511 1725 (oratio)
544 1641 589 1704 vel
623 1643 752 1707 maxime
784 1646 814 1707 vi
846 1644 1045 1707 amaritudine
1076 1643 1223 1708 instantia
1250 1643 1350 1727 placet
1383 1641 1413 1717 5,
1435 1641 1466 1714 8,
1490 1642 1537 1703 10.

284 1736 371 1810 Quod
404 1741 534 1824 plerique
557 1743 758 1826 lexicographi
779 1745 960 1818 omiserunt,
995 1764 1098 1807 moneo
1131 1744 1192 1808 alia
1218 1743 1435 1826 significatione
1458 1742 1538 1823 apud

284 1839 455 1904 Ciceronem
478 1845 548 1907 Fat.
572 1845 619 1919 12,
640 1840 680 1907 27
703 1846 774 1927 legi:
806 1845 966 1910 Praeterita
989 1865 1024 1910 aa
1045 1866 1119 1909 vera
1140 1844 1280 1926 dicimus,
1302 1864 1426 1927 qaorum
1448 1861 1539 1925 supe·

282 1941 359 2006 riore
381 1951 515 2026 tempore
537 1965 607 2009 vera
629 1947 722 2010 fuerit
742 1945 896 2010 instantia.

366 2057 522 2125 Latitado.
565 2063 639 2125 Haec
672 2083 747 2142 vox,
781 2084 847 2147 ques
880 2064 959 2145 apud
984 2071 1101 2127 veteres
1129 2064 1288 2147 scriptores
1310 2073 1364 2127 aut
1385 2062 1537 2147 propriam

282 2161 341 2224 vim
374 2162 467 2226 habet
498 2173 552 2226 aut
584 2164 620 2226 de
641 2166 706 2228 lata
727 2167 891 2230 litterarum
914 2165 1115 2246 appellatione
1137 2167 1267 2248 ponitur,
1298 2165 1377 2247 apud
1405 2164 1537 2227 Plinium

205 2295 209 2306 «
282 2272 388 2326 contra
410 2263 558 2345 significat
579 2265 713 2349 copiam,
735 2265 964 2352 amplitudinem
985 2268 1139 2332 orats'onis.
1173 2268 1361 2332 Platonicam
1383 2266 1466 2329 illam
1489 2263 1537 2328 la·

281 2363 440 2428 titudinem
462 2365 578 2448 effingit
601 2368 628 2442 l,
653 2369 700 2443 10,
722 2369 751 2432 5.

364 2549 438 2612 Hac
460 2551 559 2614 Plinio
581 2571 648 2616 curn
670 2555 832 2636 aequalibus
854 2554 1022 2619 communia
1043 2563 1128 2619 sunt:

364 2663 534 2732 Auctoritas
566 2688 618 2750 per
649 2672 876 2735 translationem
903 2691 957 2755 pro
989 2671 1143 2736 recantata
1170 2669 1299 2753 ponitur.
1343 2670 1375 2734 A
1402 2680 1432 2733 te
1457 2671 1536 2735 hano

280 2768 482 2834 saturitatem
503 2770 588 2852 exigo
610 2773 638 2846 2,
660 2771 690 2847 5,
712 2772 740 2836 5.
764 2771 913 2859 (Quint).

363 2884 529 2972 Captivitas
551 2908 604 2969 pro
626 2891 765 2954 servitute
787 2909 844 2954 non
869 2899 970 2954 exstat
992 2910 1082 2954 aurea
1104 2897 1210 2962 aetate,
1232 2896 1394 2971 postquam
1417 2907 1536 2952 correc-

281 2997 331 3052 tus
353 2998 400 3052 eet
421 2990 503 3052 locus
525 2989 575 3051 ille
597 2990 658 3053 Cic.
674 2991 724 3055 Or.
740 3012 769 3072 p.
782 2991 871 3055 Gom.
894 2993 931 3055 da
952 2993 1122 3073 majestate,
1145 2991 1248 3070 fragm.
1264 2991 1319 3052 Ed.
1335 2990 1438 3065 Klotz,
1461 2991 1535 3071 Pag.

279 3090 351 3152 2ll.
395 3091 453 3153 Hic
476 3109 595 3170 regnum
618 3091 731 3172 ipsum,
753 3113 875 3175 quaque
896 3094 956 3155 alia
977 3092 1135 3175 captivitas
1155 3091 1265 3172 gignit,
1288 3100 1370 3153 arcet
1392 3111 1428 3153 ac
1450 3110 1536 3153 sum-

281 3200 379 3254 movet
400 3193 476 3254 Pan.
499 3191 548 3254 55.
583 3190 669 3277 (San.
691 3195 772 3256 Petr.
795 3195 867 3257 Tac.
891 3195 972 3256 Just.
994 3191 1101 3277 Flam).

363 3305 564 3394 Congruentia
585 3330 638 3391 pro
661 3311 861 3374 convenientia
884 3310 1000 3372 dicitnr.
1054 3306 1285 3392 Congerantiam
1312 3308 1535 3389 aequalitatem·

280 3429 336 3492 que
359 3409 499 3495 (statuae)
523 3411 742 3492 deprehendere
765 3413 794 3485 2,
805 3410 835 3483 5,
849 3412 895 3473 ll.
920 3409 1034 3495 (Graeci
1058 3411 1160 3474 dicunt
1182 3406 1400 3494 συμμετρίαν).
1431 3411 1534 3494 (Suet.

281 3510 362 3573 Otho
384 3512 404 3573 2
426 3511 514 3576 dixit:
536 3509 788 3595 ''Congruentianr
813 3510 971 3593 morum'').

362 3625 530 3693 Devenitas
561 3647 614 3709 pro
645 3625 831 3710 proclivitate
859 3627 1006 3689 rarissime
1035 3628 1153 3691 dicitur.
1196 3627 1265 3690 Non
1289 3627 1345 3691 loci
1368 3626 1536 3690 deoeaitate

279 3729 431 3811 inpellitur
451 3729 482 3804 8,
504 3728 533 3803 8,
555 3731 583 3790 3.
617 3728 710 3812 (Plin.
734 3726 828 3810 mai).

319 3845 494 3911 Divereitas
515 3865 568 3926 pro
591 3842 846 3920 dissimilitudine,
874 3844 1085 3929 discrepantia,
1108 3845 1261 3908 dismntia.
1293 3845 1407 3906 AEtatis
1430 3844 1534 3907 diver-

278 3947 351 4010 sitas
379 3951 405 4024 l,
431 3946 530 4022 19,1.
582 3945 709 4008 Dubitat
740 3945 913 4009 diversitate
945 3946 1093 4008 rationum
1129 3947 1155 4020 l,
1177 3947 1227 4020 22,
1249 3946 1278 4008 3.
1312 3944 1375 4007 (lir.
1398 3945 1428 4020 5,
1451 3947 1482 4021 3,
1507 3947 1533 4008 l.

277 4047 307 4124 6,
330 4043 381 4124 27,
402 4049 432 4112 3.
454 4047 483 4123 6,
506 4047 556 4120 33,
577 4047 606 4108 5.
629 4039 658 4120 7,
679 4046 730 4120 30,
752 4047 781 4108 5.
803 4045 834 4121 8,
858 4047 906 4121 14,
930 4047 976 4109 12.
999 4042 1080 4137 9,,7,
1102 4047 1131 4109 3.
1153 4044 1183 4119 9,
1207 4047 1256 4120 11,
1279 4047 1307 4108 2.
1330 4046 1406 4108 Pan.
1430 4047 1459 4108 2.
1482 4045 1533 4108 25.

277 4149 327 4213 35.
350 4150 398 4214 59.
432 4149 526 4235 (Plin.
549 4147 618 4227 maj.
641 4145 747 4216 Quint.
771 4148 842 4210 Tac.
865 4148 949 4212 Suet.
973 4146 1040 4231 al.).

360 4249 518 4314 Emacitas
540 4266 599 4309 vox
620 4247 771 4310 rarissima
793 4248 914 4310 nimiam
930 4248 1045 4310 amendi
1060 4246 1256 4328 cupiditatem
1271 4245 1432 4325 significat.
1455 4245 1533 4308 Erat

277 4350 453 4437 φιλόκαλος
474 4367 567 4431 usqae
589 4349 627 4411 ad
649 4347 813 4411 amentatis
834 4348 1096 4429 reprehensionem
1118 4347 1148 4422 3,
1172 4339 1200 4419 7,
1223 4340 1251 4409 7.
1280 4345 1387 4429 (cot).

359 4452 518 4518 Jactantia
538 4469 591 4531 pro
612 4447 785 4536 jactatione,
812 4448 1011 4512 ostentatione.
1044 4446 1257 4511 communibus
1279 4447 1372 4526 mogh
1397 4465 1530 4509 commo·

277 4555 322 4618 dis
355 4576 443 4638 quam
476 4551 601 4634 privata
631 4550 783 4634 iactantiae
814 4550 1008 4614 studebamus
1044 4549 1122 4624 1,8,
1146 4548 1192 4609 13.
1226 4548 1302 4609 Pan.
1325 4546 1375 4609 38.
1409 4547 1530 4630 (Quint.

276 4658 349 4720 Tac.
371 4652 484 4740 Suet).
