3264 5332
391 483 431 537 De
454 482 515 538 vita
536 485 565 538 ct
587 483 741 539 elocutione
763 480 792 536 O.
815 479 900 535 Plinii
921 479 1024 536 Gaecilii
1045 481 1171 536 Secundi.
1373 483 1410 536 15

161 653 241 714 unde
270 673 372 716 omnes
403 656 461 717 fere
489 655 754 736 interpretationes
782 654 899 729 hausit,
928 655 1068 734 neglectis
1090 649 1337 735 explicationibus
1360 669 1412 710 ac-

161 754 360 818 curatioribus
381 756 508 829 Klotzii,
529 756 688 831 Freundii,
712 756 846 817 aliorum.
884 755 931 817 Ao
947 774 1165 836 nonnumquam
1182 759 1323 835 apparet,
1346 769 1412 811 eum

161 872 219 916 non
241 856 408 934 inspexisse
430 859 525 938 ipsum
549 857 638 918 Plinii
661 858 773 929 locum,
795 875 880 936 quem
904 857 1016 918 attulit.
1048 857 1152 937 Neque
1175 871 1244 916 roro
1267 853 1323 912 hoc
1338 851 1413 923 dieo,

161 956 238 1036 qood
259 964 324 1017 tarn
347 977 489 1038 arrogans
511 957 584 1030 sim,
606 966 640 1020 ιιι
662 977 756 1020 meam
781 957 1014 1036 disputationem
1038 958 1186 1019 erroribus
1208 971 1335 1016 vacuam
1357 971 1414 1031 pu-

161 1066 231 1117 tem.
273 1057 384 1120 Contra
408 1078 583 1139 persuasum
606 1059 717 1132 habeo,
740 1077 785 1119 me
806 1057 984 1119 tirunculum
1008 1066 1039 1119 ιι
1059 1059 1088 1119 in
1113 1058 1222 1119 multos
1244 1062 1273 1114 et
1294 1053 1323 1114 in
1350 1072 1413 1114 ma-

162 1175 235 1236 gnos
257 1177 369 1221 errores
391 1159 545 1232 incidisse,
568 1159 731 1239 praesertim
755 1178 820 1221 cum
845 1159 970 1231 videam,
991 1159 1021 1220 id
1044 1160 1116 1220 viris
1139 1159 1213 1220 satis
1236 1155 1360 1217 multum
1382 1153 1412 1213 in

163 1257 270 1318 litteris
303 1261 405 1321 latinis
437 1259 565 1322 versatis
604 1261 756 1323 accidisse.
806 1259 867 1322 Sed
899 1278 964 1340 qnae
996 1258 1115 1320 aliunde
1148 1259 1283 1338 colligere
1316 1254 1414 1334 potui,

163 1376 283 1438 quaeque
313 1361 377 1440 ipse
404 1361 639 1440 inscriptorum
667 1361 749 1423 libris
772 1360 886 1434 inveni,
919 1379 955 1420 ea
976 1378 1065 1440 quam
1087 1357 1307 1438 religiosissime
1329 1355 1413 1435 potui

163 1459 333 1522 examinata
354 1462 460 1535 attuli,
482 1482 516 1524 ea
538 1481 592 1542 spe
615 1463 709 1524 fretus
733 1463 808 1535 fore,
830 1468 880 1534 ιιι,
902 1459 928 1522 si
943 1461 1116 1533 erraverim,
1139 1460 1210 1521 mihi
1225 1456 1414 1520 mediocriter

162 1558 277 1621 erudito
300 1561 472 1641 ignoscant,
504 1563 553 1643 qui
576 1581 631 1624 usu
653 1563 733 1624 docti
755 1563 865 1636 sciant,
898 1581 985 1642 quam
1013 1560 1133 1622 difficile
1155 1560 1195 1622 sit
1216 1558 1411 1622 elocutionem

161 1660 314 1740 scriptoris
348 1672 542 1744 pertractare.
585 1663 644 1726 Sed
677 1684 714 1725 ne
747 1663 817 1745 quid
839 1662 902 1743 ipsc
923 1662 1004 1724 inter
1025 1662 1141 1724 veniam
1165 1661 1314 1723 erroribus
1338 1658 1412 1719 meis

160 1761 321 1839 petendam
354 1763 463 1842 injuria
490 1764 594 1826 videar
614 1765 650 1825 de
674 1764 780 1826 alienis
803 1763 940 1825 laudibus
962 1763 1131 1836 detrahere,
1163 1762 1290 1842 primum
1313 1778 1410 1820 meum

160 1870 207 1922 est
238 1873 323 1942 grato
355 1865 455 1926 animo
487 1864 640 1937 confiteri,
672 1885 718 1926 me
750 1864 900 1945 permulta
921 1863 1028 1924 debere
1050 1864 1146 1926 doctis
1167 1863 1224 1924 illis
1247 1861 1334 1933 viris,
1362 1859 1411 1940 qui

160 1971 232 2023 ante
255 1983 301 2026 me
322 1965 358 2026 de
380 1967 483 2028 eadem
506 1965 753 2045 rescripserunt,
786 1965 893 2027 deiude
914 1964 1057 2044 exemplis
1079 1964 1250 2039 ostendere,
1283 1981 1329 2023 me
1352 1979 1410 2020 non

160 2060 225 2123 sine
258 2084 349 2127 cansa
381 2067 531 2128 nonnullis
557 2068 586 2127 in
616 2068 703 2129 rebus
730 2065 954 2146 reprehendisse
985 2065 1079 2127 virum
1109 2065 1145 2127 de
1171 2065 1274 2127 latinis
1303 2059 1411 2123 litteris

161 2163 235 2224 bene
258 2167 404 2228 meritum.
447 2167 495 2228 Ac
528 2187 563 2228 ne
595 2167 660 2248 quis
683 2177 785 2246 putet,
818 2187 864 2228 me
887 2186 1023 2246 perverse
1045 2167 1108 2246 ejus
1129 2167 1294 2228 sententias
1316 2163 1412 2224 inter·

160 2273 311 2344 pretetum
334 2286 410 2341 esse,
431 2268 524 2348 ipsius
546 2268 645 2330 verbis
667 2269 805 2342 afferam,
827 2287 891 2349 quae
911 2268 948 2328 de
969 2286 1084 2349 quoquc
1108 2268 1197 2329 verbo
1220 2262 1396 2346 disputarit.

243 2368 358 2429 Horum
391 2380 492 2431 autem
520 2369 731 2432 vocabulorum
761 2389 843 2431 nsum
866 2368 1042 2431 Holstenius
1074 2368 1172 2431 Plinio
1195 2377 1225 2430 et
1248 2365 1411 2448 aequalibos

159 2466 232 2529 solis
253 2469 372 2531 tribuit:

606 2663 653 2742 ”l.
695 2661 962 2742 substantiva?

240 2819 417 2884 ''Admieaio
439 2821 556 2899 aditus,
576 2819 712 2906 facultas
733 2821 867 2885 adeundi
882 2823 1057 2910 prinoipem
1078 2823 1117 2888 P.
1137 2825 1205 2888 47.”
1246 2826 1409 2904 Perperam

157 2921 371 3002 interpretatus
394 2933 456 2998 est,
487 2945 558 2986 nam
581 2922 681 2986 aditus
703 2924 740 2984 de
763 2943 797 2985 ιο
820 2924 937 2998 dicitur,
967 2927 1014 2988 cui
1043 2927 1131 2990 venia
1153 2926 1276 3007 alicujus
1298 2944 1409 2987 conve-

158 3021 258 3084 niendi
280 3023 380 3097 datur,
404 3024 545 3087 admissio
568 3024 603 3086 de
625 3043 675 3097 ιο,
697 3025 746 3105 qui
767 3024 884 3086 veniam
907 3026 970 3088 dat.

240 3121 422 3188 ”Advocatio
454 3123 486 3206 h)
519 3135 615 3188 coetm
643 3124 853 3187 advocatorum
877 3125 909 3201 6,
936 3127 991 3201 33,
1018 3125 1068 3191 3?
1117 3127 1254 3208 Legitur:
1281 3127 1409 3207 ”Ingens

156 3224 302 3305 utrimque
325 3226 513 3289 advocatio.”
549 3227 610 3290 Gir.
637 3225 705 3290 Liv.
727 3227 757 3299 3,
779 3220 828 3300 47,
852 3227 878 3289 1.
923 3227 1102 3308 ”Verginius
1124 3228 1295 3292 sordidatus
1317 3228 1408 3291 liliam

156 3343 256 3386 secum
270 3372 276 3388 .
290 3371 317 3387 ..
341 3346 407 3388 cum
430 3327 543 3406 ingenti
568 3329 766 3392 advocatione
788 3327 818 3388 in
840 3329 935 3391 lorum
957 3329 1108 3406 deducit”,
1130 3330 1181 3394 ubi
1203 3331 1331 3394 eandem
1347 3329 1407 3392 vim

156 3423 263 3501 habet,
285 3445 371 3507 quam
394 3428 485 3489 Plinii
506 3429 580 3491 loco.

237 3523 426 3591 *Annotatio
458 3529 485 3602 7,
505 3529 560 3606 20,
581 3527 620 3590 I”
633 3528 671 3613 ¹).
714 3529 778 3592 cfr.
807 3529 912 3601 Quint.
936 3533 959 3594 l.
982 3531 1019 3595 0.
1044 3533 1093 3608 10,
1114 3527 1144 3607 7,
1165 3533 1216 3594 31.
1263 3531 1317 3598 ”In
1351 3531 1406 3593 hoc

154 3645 259 3706 genere
281 3647 402 3709 prorsus
425 3631 534 3710 recipio
556 3631 634 3694 hanc
656 3630 776 3692 brevem
799 3633 1057 3696 annotationem.”

237 3727 427 3792 ’'Aeeentotio
458 3751 596 3793 aecensus
628 3732 657 3806 1,
678 3731 708 3807 8,
730 3730 797 3794 17.”
844 3734 942 3796 Pravo
974 3734 1191 3816 interpretatus
1223 3741 1279 3796 est.
1335 3730 1407 3793 Vox

153 3828 271 3892 solitam
293 3850 380 3893 suam
402 3831 461 3894 vim
483 3831 583 3894 habet.

235 3927 444 3994 '‘Asseveratio
466 3933 502 3995 cle
523 3932 589 3994 aeri
606 3933 854 4016 pronunciatione
886 3932 926 3997 P.
948 3935 1020 3998 672*
1064 3937 1170 4000 Potius
1196 3931 1403 4014 accipiendum

154 4039 198 4092 est
220 4050 273 4111 pro
297 4032 504 4096 affirmatione.
547 4033 608 4096 oo.
631 4034 694 4097 Cic.
716 4033 784 4097 Αιι.
809 4035 858 4110 13,
879 4036 931 4111 23,
953 4038 981 4098 3.

153 4175 349 4188 —u—-n--n

202 4249 227 4316 ¹)
249 4254 292 4306 De
314 4240 391 4324 signo
414 4255 561 4325 *apposito
584 4253 741 4308 Holstenins
764 4254 822 4324 ipsc
846 4257 924 4311 dicit:

238 4339 313 4392 ”Eas
333 4357 409 4394 vacce
430 4341 638 4411 locutionesque,
661 4358 780 4410 quarum
802 4343 917 4398 Plinius
938 4352 1034 4398 auctor
1055 4360 1110 4396 esse
1130 4343 1245 4405 uidetm,
1267 4343 1403 4407 asteriaco,

152 4439 199 4476 eas
220 4435 310 4479 autem
333 4443 402 4496 quea,
425 4432 550 4498 quamvis
571 4437 635 4484 ante
657 4428 784 4484 Plinium
805 4432 836 4484 in
858 4449 912 4484 usu
933 4439 1030 4493 essent,
1053 4437 1143 4482 tamen
1164 4429 1200 4482 ab
1222 4445 1252 4482 eo
1273 4429 1331 4482 solo
1345 4448 1403 4484 am·

150 4510 280 4580 plisreatee
300 4531 425 4583 novaque
445 4519 473 4568 ci
495 4527 519 4572 et
540 4517 738 4588 significatione
758 4527 865 4572 ornata
885 4528 963 4582 sunt,
986 4517 1034 4569 hoc
1055 4517 1134 4584 signo
1156 4515 1282 4583 †notaai.
1326 4517 1403 4572 Reli·

154 4610 214 4662 quoe
243 4600 342 4654 deinde
371 4619 451 4654 uoces
468 4621 487 4657 a
508 4624 549 4660 me
571 4615 781 4659 commemoratae
803 4605 900 4659 Plinio
922 4621 982 4658 cum
1004 4620 1059 4656 uuo
1077 4602 1237 4672 pluribusve
1261 4604 1402 4674 scriptori·

154 4679 203 4736 hus
223 4686 264 4739 vel
285 4688 403 4758 ejusdem
423 4689 464 4743 uel
484 4693 642 4762 posterioria
662 4694 752 4747 aetatis
772 4708 923 4748 cornmunes
944 4689 1030 4744 eunt.”

1590 4431 1599 4648 l
