3226 5332
107 445 164 503 176
605 448 629 504 J.
653 449 685 505 P.
707 449 877 522 Lagergren.

189 615 355 682 Partienlee
376 618 582 683 adversative.
625 617 761 683 Ceterum
788 620 942 702 perticulae
970 617 1168 682 adversativa
1190 618 1256 681 loco
1278 618 1364 699 poni-

107 731 157 783 tur
179 721 257 800 apud
279 717 409 782 Plinium
436 728 465 781 et
491 723 638 802 aequales,
661 730 694 782 ut
713 723 778 799 jam
803 724 881 803 apud
904 719 978 783 Sall.
1003 731 1034 782 et
1056 719 1123 781 Liv.
1166 719 1225 782 Illa
1246 720 1363 800 quidem

107 819 238 905 (turba),
260 829 294 882 ut
316 829 387 882 tunc
404 820 611 884 arbitrabatur
626 823 727 896 deum,
749 833 895 896 ceteenern,
917 831 951 883 ut
966 822 1067 884 docuit
1082 829 1222 896 eventus,
1244 831 1275 882 te
1290 839 1365 883 con-

110 921 256 984 salutevit
284 921 495 1000 imperatorem
529 924 602 986 Pon.
624 923 652 985 6.
679 917 728 986 76.
753 924 792 986 cl.
822 923 914 1006 (Sall.
936 923 1003 985 Liv.
1027 931 1105 1002 post.
1143 922 1273 1002 Draeger,
1301 922 1320 982 l.
1346 921 1364 984 l.

110 1023 183 1102 Peg.
205 1021 234 1084 6.
262 1023 302 1084 H.
324 1041 348 1084 s.
371 1043 398 1084 v.
422 1024 493 1102 Pag.
517 1023 582 1109 36).

192 1136 254 1202 Sed
275 1148 303 1201 et
319 1139 381 1218 J‘em
406 1159 463 1200 non
487 1149 589 1203 exstet
610 1138 690 1220 apud
712 1140 886 1204 Ciceronem
910 1149 941 1202 et
962 1140 1122 1203 Geesarem.
1165 1141 1228 1202 Nec
1250 1139 1366 1202 animos

110 1241 197 1302 modo
219 1239 271 1303 sed
293 1248 320 1302 et
341 1259 466 1322 corpora
489 1242 675 1322 languescere
697 1243 774 1308 Pan.
802 1239 852 1302 18.
956 1263 960 1272 ’

192 1439 353 1505 Particnla
372 1443 451 1506 enirn
473 1442 660 1523 conjungitur
676 1464 741 1507 cum
757 1465 863 1529 nempe
874 1445 952 1524 opud
965 1451 1113 1522 argentea
1124 1441 1224 1504 aetetis
1236 1441 1367 1521 scripto-

113 1563 177 1618 res,
211 1544 293 1606 velut
318 1545 397 1623 apud
420 1542 523 1614 Quint.
556 1550 586 1604 et
612 1545 685 1606 Tac.
730 1543 846 1630 Nempe
868 1544 947 1608 enine
969 1543 999 1605 hi
1022 1551 1106 1617 sunt,
1140 1560 1213 1624 quos
1242 1551 1367 1603 senatus

114 1644 201 1725 elegit
221 1645 296 1706 Pan.
319 1642 368 1706 62.
402 1645 463 1707 cna
486 1646 515 1718 3,
540 1641 591 1718 16,
613 1644 642 1708 8.
676 1644 731 1729 (Η.
754 1667 873 1732 nempe,
905 1644 979 1726 Peg.
1012 1641 1083 1706 165.
1133 1643 1246 1723 lnjnria
1280 1644 1367 1704 Drae·

110 1765 161 1825 ger
182 1747 200 1808 l.
224 1747 241 1808 l.
269 1746 344 1826 Peg.
367 1746 408 1808 44
430 1739 486 1808 oin.
509 1745 563 1829 sip.
588 1766 652 1808 esse
674 1748 776 1831 dixit).

192 1944 355 2010 Parrteetae
377 1950 596 2031 comparativae.
640 1947 744 2032 Aeque
765 1970 856 2033 quant
878 1947 994 2021 dicitur,
1016 1956 1051 2010 ut
1072 1947 1151 2027 apud
1175 1946 1275 2008 Plaut.
1297 1946 1366 2008 Liv.

112 2058 190 2130 post.
233 2048 308 2110 Mihi
336 2069 417 2132 oeque
442 2049 577 2128 jucunda
599 2049 654 2111 erit
676 2049 852 2130 simplicitas
875 2049 1098 2121 dissentientis,
1125 2067 1218 2130 quam
1240 2066 1368 2127 conpro-

111 2149 214 2212 bantis
236 2150 402 2212 auctoritas
424 2150 454 2224 3,
475 2149 506 2225 4,
528 2148 556 2212 9.
595 2151 709 2213 Eodem
738 2151 825 2212 modo
854 2151 975 2212 dicitur:
1003 2148 1094 2211 Alius
1115 2169 1207 2232 qnam
1229 2151 1259 2221 2,
1280 2148 1311 2221 4,
1335 2146 1367 2210 1.

112 2245 140 2324 7,
166 2248 221 2323 16,
243 2251 272 2311 2.
305 2250 380 2312 Pan.
404 2250 453 2312 58.
497 2249 630 2314 Perinde
662 2273 755 2335 qnam
787 2251 817 2324 6,
838 2250 869 2326 8,
892 2250 920 2314 9.
970 2251 1169 2331 Frequentius
1195 2257 1243 2311 est
1274 2270 1368 2332 quern

112 2360 181 2433 post
213 2371 294 2434 eeqne
327 2351 355 2413 in
389 2352 538 2414 sententia
571 2353 711 2432 negativa
743 2351 871 2433 positum
905 2353 935 2426 2,
961 2348 1011 2424 15,
1037 2348 1067 2412 1.
1110 2347 1201 2412 Nihil
1226 2370 1310 2434 teque
1332 2373 1368 2414 oc

113 2451 142 2526 5,
164 2451 193 2526 8,
215 2454 243 2514 2.
293 2449 369 2514 Non
395 2472 478 2515 secus
506 2473 540 2515 ae
568 2447 598 2528 7,
623 2452 654 2528 1,
677 2452 705 2517 6.
739 2450 1228 2537 (ufr.nraeger‚1.l.1³ag.59.
1263 2451 1367 2516 Hand.

111 2573 192 2636 reque
213 2555 285 2632 Peg.
311 2549 403 2638 191).

193 2667 352 2746 Jeera-et,
385 2680 419 2734 ut
442 2672 506 2753 jam
534 2673 613 2752 apud
640 2671 714 2735 Sall.
737 2681 768 2733 et
789 2671 868 2745 Liv.,
891 2669 1011 2734 dicitur.
1056 2670 1212 2732 Patientia
1234 2670 1368 2750 corporis

113 2771 224 2833 hiemes
250 2769 343 2856 jueta
375 2781 402 2835 et
433 2782 556 2836 aestates
581 2776 659 2834 ferat
680 2773 709 2846 3,
733 2769 788 2846 11,
810 2770 841 2833 6.
877 2769 933 2854 (H.
951 2773 1045 2856 juste
1066 2769 1136 2834 539.
1168 2771 1280 2850 Reisig,
1303 2770 1323 2832 l.
1346 2771 1368 2834 l.

110 2873 185 2953 Peg.
208 2869 299 2955 416).

194 2987 347 3075 Aeque-ut
377 2989 486 3054 dicitur
519 2999 623 3052 contra
651 3009 762 3052 morem
790 2998 925 3053 veterum
947 2991 1134 3070 scriptorum.
1177 2989 1262 3051 Nihil
1284 3009 1368 3073 ceqne

110 3090 140 3154 in
175 3093 274 3154 causis
309 3092 430 3173 agendis
466 3101 498 3152 ut
526 3091 656 3153 brevitas
683 3092 783 3172 placet
814 3089 844 3166 1,
866 3092 917 3167 20,
942 3088 973 3153 1.
1007 3089 1126 3175 (Madv.
1150 3090 1189 3153 ad
1212 3090 1273 3153 Cic.
1297 3091 1367 3153 Pin.

114 3190 145 3268 1,
169 3194 219 3268 20,
241 3190 309 3277 67).
1240 3189 1241 3192 ’

193 3307 434 3395 Perinde-prout
456 3311 535 3391 apud
558 3307 689 3372 Plinium
712 3316 742 3371 et
762 3310 891 3392 aequales
906 3309 1080 3383 nonnullos,
1103 3309 1183 3370 velut
1198 3307 1277 3388 apud
1294 3305 1367 3369 Sen.

111 3419 144 3482 et,
163 3408 280 3484 Quint,
312 3421 481 3491 usurpatur.
530 3411 752 3472 Meminerimus
782 3411 910 3494 perinde
938 3411 1140 3489 conjecturam
1170 3410 1206 3470 de
1234 3408 1368 3470 moribus

112 3512 174 3574 suis
195 3511 329 3573 homines
352 3532 417 3574 esse
440 3513 586 3586 facturos,
610 3525 704 3595 prout
725 3511 781 3573 lroc
803 3513 849 3574 vel
871 3512 943 3574 illud
965 3511 1108 3590 elegerint
1129 3512 1205 3573 Pan.
1226 3509 1275 3571 20.
1311 3507 1367 3590 (H.

106 3611 236 3697 perinde
262 3611 348 3698 459).
392 3613 497 3694 Neque
525 3611 678 3695 prout-ita
711 3612 831 3674 videtur
862 3613 892 3674 in
926 3633 980 3674 usn
1016 3613 1107 3674 l'uisse
1140 3611 1219 3692 apud
1253 3618 1368 3671 veteres

111 3715 285 3796 scriptores,
312 3713 364 3774 sed
388 3715 467 3794 apud
489 3713 633 3787 Plinium,
666 3711 745 3776 sicut
766 3713 846 3793 apud
869 3713 946 3776 Cels.
969 3713 1048 3774 Plin.
1073 3713 1139 3792 maj.
1163 3712 1232 3775 Sen.
1255 3719 1368 3774 exstat.

113 3816 251 3877 Honesta
279 3814 407 3877 consilia
428 3815 476 3878 vel
498 3813 612 3894 turpia,
639 3823 735 3899 prout
756 3814 834 3875 male
857 3825 911 3877 aut
932 3833 1072 3895 prospere
1095 3814 1220 3885 cedunt,
1252 3811 1297 3874 ite
1318 3812 1367 3873 vel

113 3916 279 3998 probantur
301 3917 348 3978 vel
371 3916 628 3996 reprehenduntur
649 3916 679 3989 5,
702 3913 722 3978 9
743 3913 830 4001 (21),
853 3910 881 3979 7.
910 3913 966 3999 (Η.
984 3924 1079 4000 prout
1100 3915 1172 3994 Peg.
1195 3908 1283 3996 627).

198 4031 365 4116 Tamquam
387 4032 424 4094 de
447 4051 477 4094 re
500 4051 574 4094 vera
594 4041 756 4111 usurpatur
777 4052 830 4113 pro
852 4041 900 4108 et,
924 4033 953 4095 id
976 4033 1053 4113 quod
1076 4050 1176 4094 rarum
1197 4049 1262 4092 esse
1284 4030 1368 4111 apud

111 4143 228 4197 veteres
259 4135 420 4214 scriptores
452 4133 614 4196 affirmavit
635 4133 772 4213 Madvig,
806 4133 893 4196 ’'Lat.
917 4131 1074 4213 Sprechl.”
1095 4133 1110 4215 §
1131 4131 1202 4205 444,
1227 4130 1309 4193 Anu.
1335 4127 1367 4192 1.

112 4234 354 4298 Commendabat
375 4233 526 4296 actionem
554 4234 631 4314 quod
652 4243 807 4317 tamqnam
828 4234 916 4296 homo
938 4234 1096 4296 Romanus
1117 4243 1148 4295 et
1169 4233 1264 4295 bonus
1277 4237 1278 4242 ’
1291 4231 1367 4293 civis

110 4336 140 4397 in
173 4335 293 4416 negotio
323 4354 377 4397 suc
399 4342 516 4397 mature
538 4345 568 4396 et
591 4334 720 4414 graviter
741 4335 920 4417 loquebatur
939 4337 971 4411 4,
993 4336 1043 4409 22,
1065 4335 1094 4397 2.
1128 4332 1189 4397 cfr.
1212 4335 1240 4407 3,
1262 4331 1293 4407 9,
1316 4331 1367 4397 36.

112 4429 142 4510 7,
164 4435 215 4511 28,
240 4433 270 4512 1,
293 4436 344 4498 ubi
367 4437 514 4500 causalem
536 4436 597 4498 vim
619 4435 720 4500 habet.
750 4433 829 4521 (Gir.
851 4435 982 4516 Draeger,
1005 4435 1024 4499 l.
1041 4435 1155 4516 trag.
1174 4429 1240 4518 69).

193 4550 351 4637 Perqnem
372 4573 393 4614 a
412 4553 511 4615 Plinio
533 4560 695 4632 usurpatur
716 4572 773 4615 non
797 4553 892 4614 solum
915 4573 980 4615 curn
997 4551 1156 4632 adjectivis
1171 4551 1366 4630 conjunctum

111 4653 156 4739 (2,
174 4651 230 4730 11,
255 4652 306 4718 13.
329 4654 358 4727 3,
380 4653 410 4731 4,
433 4655 462 4716 3.
485 4654 560 4718 Pan.
575 4651 642 4740 60),
664 4660 697 4715 ut
718 4655 798 4734 apud
819 4653 894 4718 alios
916 4653 1092 4734 scriptores,
1114 4652 1277 4717 sedetiam
1298 4670 1365 4714 cnm
