3226 5332
337 448 377 502 De
399 447 459 503 vita
480 451 508 503 et
531 449 686 504 elocutione
708 446 737 503 0.
760 446 846 501 Plinii
867 445 970 501 Caecilii
992 440 1117 500 Secundi.
1295 441 1353 496 105

107 620 213 696 durus,
237 621 422 684 rarissimum
447 633 504 684 est.
559 622 669 684 Inserit
694 621 833 684 mollibus
861 621 1033 702 levibusque
1055 613 1243 680 duriusculos
1263 633 1355 694 quos-

107 723 173 783 dam
197 721 333 806 (versus)
360 725 385 796 1,
410 723 457 797 16,
479 723 509 785 5.
531 723 624 808 (Plin.
648 721 744 806 maj.).

146 820 147 823 ’
187 821 320 886 Emensis
342 845 394 904 pro
417 834 568 898 1111111111,
591 833 625 885 ut
646 825 788 886 dixerunt
809 831 927 884 veteres
942 823 1114 903 scriptores,
1137 817 1265 900 ponitur.
1299 812 1355 874 Vi-

105 945 169 985 sum
194 935 241 984 est
260 927 465 1004 spectaculum
489 945 547 986 nou
570 945 673 987 1111111
695 926 772 986 Pan.
795 925 844 985 33.
868 922 954 1007 (Seu.
977 922 1082 992 Quint.
1106 923 1178 982 Tac.
1200 916 1308 996 Petu).

187 1023 334 1087 Enormis
362 1046 415 1107 pro
437 1026 595 1099 immenso,
629 1025 799 1086 immodico.
843 1023 915 1086 Acri
939 1024 1106 1086 intentione
1130 1018 1353 1101 dijudicandum

103 1136 166 1198 est,
199 1126 379 1188 inmodicum
402 1127 502 1189 sitan
526 1127 653 1206 grande,
688 1128 779 1188 altum
810 1147 848 1187 au
870 1145 989 1187 enorme
1011 1125 1080 1208 (int.
1104 1122 1262 1202 scriptum,
1291 1117 1355 1178 dic-

102 1224 182 1310 tum)
205 1225 234 1301 9,
257 1225 306 1299 26,
328 1227 355 1288 6.
380 1227 467 1312 (Seu.
490 1229 562 1289 Tac.
585 1227 669 1290 Suet.
693 1229 775 1290 Patr.
798 1228 905 1306 Stat).

186 1327 306 1388 Illorum
323 1330 536 1408 adjectivorum
558 1330 669 1391 nullum
686 1331 803 1390 videtur
817 1329 895 1407 apud
911 1335 1024 1389 vetares
1038 1325 1199 1405 scriptores
1217 1321 1354 1384 inveniri.

185 1479 259 1539 Haec
277 1479 340 1558 jam
364 1479 445 1558 apud
468 1489 582 1541 veteres
605 1480 781 1560 scriptores,
807 1480 858 1539 sed
889 1478 955 1539 aliis
978 1476 1243 1557 significationibus
1266 1482 1355 1554 atque

103 1581 182 1659 apud
204 1579 333 1640 Plinium
355 1588 386 1640 et
407 1581 537 1660 aequales
560 1591 696 1643 exstant:

185 1675 367 1741 Commodus
395 1682 473 1760 apud
508 1681 627 1742 Celsum
663 1692 693 1743 11
721 1681 943 1752 Quintilianum
971 1681 1007 1741 de
1036 1677 1205 1738 valetudine
1228 1673 1355 1735 hominis

102 1781 220 1854 dicitur,
252 1781 330 1862 apud
356 1781 486 1842 Plinium
517 1783 552 1842 de
578 1783 644 1862 ipso
666 1783 784 1844 homine
808 1785 865 1844 iere
888 1801 942 1862 pro
963 1781 1094 1860 intepro,
1116 1798 1199 1839 sene.
1243 1776 1353 1836 Vivere

102 1882 193 1943 filium
226 1890 315 1962 atque
343 1880 432 1942 etiam
461 1882 692 1945 commodiorem
721 1904 783 1944 esse
811 1884 973 1944 simulabat
994 1881 1024 1953 3,
1048 1877 1095 1952 16,
1117 1879 1146 1940 4.
1189 1879 1225 1940 In
1249 1876 1353 1948 eodem

101 2002 205 2062 genere
233 1981 325 2043 Klotz
350 1991 380 2043 11
401 1984 521 2044 Freund
544 1985 680 2064 exernpla
702 1993 879 2064 posuerunt,
909 1984 1007 2064 qualia
1030 1989 1115 2042 sunt:
1144 1978 1280 2058 ”Viginti
1303 1996 1353 2037 ar-

101 2084 183 2163 genti
216 2084 388 2143 commodas
421 2085 536 2144 ruinas*
570 2085 669 2146 Pleut.
693 2086 781 2146 Asin.
805 2086 834 2159 3,
858 2086 886 2156 3,
910 2085 978 2145 134.
1032 2081 1168 2142 ”Novem
1193 2081 1353 2140 miscentur
1467 2107 1472 2114 ·

102 2183 220 2266 cyathis
242 2183 348 2263 pocula
371 2185 553 2245 commodis'’
576 2187 649 2246 Hor.
673 2184 729 2247 Od.
753 2187 845 2259 3‚19,
863 2188 911 2259 12,
934 2204 997 2266 qnae
1020 2193 1117 2244 tamen
1142 2181 1352 2251 sedifferunt,

101 2286 179 2367 quod
202 2284 231 2344 in
255 2283 300 2345 his
323 2303 381 2345 vox
404 2285 522 2365 proprie
550 2286 769 2367 quodammodo
798 2298 943 2368 usurpata
964 2295 1024 2358 est,
1052 2284 1081 2345 in
1104 2283 1154 2344 illo
1177 2303 1229 2363 per
1251 2292 1352 2343 trans-

101 2385 244 2447 lationem
266 2385 372 2464 posita.

184 2482 366 2548 Communis.
409 2487 522 2548 Plinius
544 2508 698 2549 commane
720 2486 827 2551 leaders
848 2489 925 2550 dixit
946 2507 999 2567 pro
1023 2506 1066 2559 eo,
1089 2487 1167 2568 qnod
1190 2495 1235 2547 est
1257 2484 1352 2545 usita-

101 2585 176 2648 tius:
199 2586 311 2666 aliquid
334 2585 423 2650 alicui
446 2607 599 2650 commune
621 2598 668 2650 est
690 2609 756 2651 cum
772 2589 886 2671 aliquo;
909 2588 1018 2668 aliquid
1040 2589 1119 2650 inter
1140 2587 1255 2669 aliquos
1270 2604 1352 2647 com-

102 2707 189 2750 mune
213 2697 267 2749 est.
312 2685 391 2757 Quid
414 2689 490 2750 enim
513 2710 667 2752 commane
687 2689 773 2751 habet
795 2691 928 2752 occidere
950 2699 980 2751 11
1001 2689 1151 2768 relegare?
1179 2687 1208 2762 8,
1233 2687 1280 2759 14,
1305 2687 1352 2747 13.

100 2789 176 2850 Eam
201 2789 378 2850 locutionem
403 2790 525 2852 latinam
548 2811 620 2864 esse,
643 2792 750 2872 injuria
774 2791 894 2870 negavit
905 2791 1019 2870 Reisig,
1042 2789 1353 2868 ’'Vorlesungeniiber

99 2889 215 2950 Latein.
239 2889 595 2969 Sprachwissenschaft'’‚
619 2894 688 2972 Peg.
706 2889 774 2954 671.
813 2894 869 2954 Est
892 2893 954 2955 lraec
976 2892 1086 2953 locutio
1109 2891 1200 2952 stiam
1217 2911 1265 2970 ap.
1281 2890 1352 2952 Seu.

101 2990 249 3053 nonnullis
272 2991 360 3065 locis,
383 2992 478 3054 velut:
501 2993 575 3054 Ben.
599 2988 628 3066 7,
655 2995 701 3066 12,
723 2996 751 3054 2.
773 2995 829 3073 Ep.
852 2995 882 3067 5,
904 2989 923 3055 7
946 2992 1029 3077 (48),
1052 2994 1080 3054 3.
1103 2991 1132 3065 9,
1146 2993 1174 3053 ’3
1197 2986 1280 3076 (74),
1305 2985 1352 3052 17.

180 3105 366 3170 It'atrarrees.
420 3107 573 3172 Eetrenei
594 3110 748 3183 dicuutur,
780 3111 829 3192 qui
862 3130 919 3172 non
953 3121 1023 3172 sunt
1056 3111 1187 3188 ejusdem
1222 3107 1352 3170 familiae.

99 3210 220 3271 Nullum
243 3211 331 3284 tanti,
345 3229 410 3270 esse
433 3211 577 3290 vectigal,
607 3213 683 3292 quod
706 3213 813 3274 liberos
836 3232 871 3273 ae
893 3219 1031 3291 parentes
1054 3214 1169 3273 faceret
1196 3218 1353 3273 eetraaeos

98 3312 171 3372 Pan.
195 3305 235 3371 37
258 3311 387 3390 (duobus
410 3309 508 3396 locis).
542 3312 637 3396 (Cels.
661 3313 739 3374 Plin.
763 3314 831 3391 maj.
854 3315 925 3374 Tac.
948 3314 1029 3375 Just.
1053 3313 1137 3375 Suet.
1183 3311 1275 3390 Apud
1298 3309 1351 3372 Ci-

98 3431 231 3473 catonem
254 3411 363 3474 dicitur
385 3414 443 3473 fere
471 3432 523 3492 pro
546 3428 677 3476 externo.
721 3414 902 3476 ''Extraneis
925 3413 1125 3476 ornamentis”
1148 3412 1210 3475 Cic.
1233 3414 1298 3475 Inv.
1324 3413 1352 3486 1,

98 3515 152 3586 22,
181 3514 230 3573 32.
269 3507 542 3575 ”Exercitationem
566 3515 714 3576 forensem
737 3525 767 3576 ct
789 3514 983 3577 extraneam''
1006 3517 1124 3595 Fragm.
1148 3513 1220 3576 Oec.
1244 3513 1264 3574 4
1287 3512 1350 3598 (ed.

98 3613 202 3674 Klotz.
228 3613 302 3692 Peg.
318 3611 404 3696 261).
432 3614 492 3676 Cir.
509 3613 601 3676 Aret.
618 3615 658 3676 ad
680 3617 751 3677 Her.
773 3617 801 3688 3,
815 3617 845 3689 2,
864 3617 892 3676 2.
921 3615 1130 3678 ’'Extrauearn
1146 3615 1295 3678 causam.”
1319 3613 1349 3688 4,

99 3715 148 3788 31,
170 3713 237 3794 42).

183 3825 343 3894 Gemmeus
371 3832 449 3911 apud
485 3831 675 3907 Ciceronem,
707 3833 861 3908 Ovidium,
888 3835 962 3898 alios
990 3836 1112 3916 propria
1137 3833 1353 3914 significatione

99 3931 219 4010 ponitur
250 3933 310 3994 fere
339 3952 391 4012 pro
419 3942 583 4012 gemmato,
610 3943 711 3996 otest
733 3937 812 4016 apud
834 3945 914 4016 polit.
937 3946 967 3999 et
988 3937 1056 3998 Liv.
1079 3936 1124 4021 (l,
1148 3937 1196 4009 11,
1217 3934 1271 4020 8),
1297 3934 1350 3995 sed

98 4033 176 4112 apud
199 4033 328 4096 Plinium
349 4055 517 4116 gemmeum
540 4035 658 4107 dicitur,
682 4038 758 4117 quod
781 4031 1076 4118 tamquam'gemma
1090 4038 1235 4116 splendet.
1269 4033 1349 4105 Quid

98 4134 216 4214 euripus
244 4134 346 4196 viridis
380 4141 411 4196 11
434 4155 584 4218 pemmonis
612 4135 725 4220 (agit)?
750 4140 828 4212 l,3,
852 4141 879 4201 1.
923 4142 1018 4202 Prata
1040 4138 1145 4200 florida
1166 4146 1197 4200 11
1215 4157 1350 4219 pertimeo

98 4235 240 4296 trifolium
264 4237 398 4318 aliasque
420 4237 527 4298 herbas
550 4237 634 4298 alunt
655 4237 684 4312 5,
707 4237 736 4312 6,
761 4241 807 4302 11.

181 4347 282 4414 Lacer
305 4373 363 4415 non
386 4354 481 4415 solum
509 4355 630 4434 propria
657 4357 884 4436 significatione,
913 4365 945 4418 nt
968 4356 1047 4436 apud
1070 4357 1158 4417 Lucr.
1181 4356 1270 4435 Verg.
1286 4355 1349 4418 'On

98 4451 164 4514 Liv.
188 4453 264 4516 Sall.
287 4452 383 4537 (Hist.
407 4456 436 4528 3,
459 4450 576 4528 67,1(1.
599 4455 739 4520 Dietscb:
772 4459 935 4520 ’'Lacerum
958 4449 1116 4544 corpus”),
1144 4455 1240 4517 velut:
1273 4456 1350 4518 Ger-

99 4573 167 4614 nere
190 4551 302 4616 laceros
323 4563 407 4617 artus
422 4557 498 4618 Pan.
514 4557 563 4629 52,
585 4558 638 4617 sed
662 4559 752 4621 etiam
775 4579 826 4640 per
847 4543 1075 4622 translationem
1097 4566 1260 4638 usurpatur
1277 4577 1350 4620 con-

97 4661 145 4714 tra
160 4655 406 4718 consuetudinem
429 4657 606 4738 optimorum
629 4660 822 4740 scriptorum,
845 4659 956 4722 additis
977 4668 1077 4721 tamen
1100 4659 1184 4741 quasi
1206 4660 1244 4722 ad
1266 4659 1351 4722 locu-
