3226 5332
264 459 322 515 132
752 460 779 517 J.
802 461 833 516 P.
856 459 1023 530 Lagergran.

343 629 522 715 Dediqnoei
542 632 561 695 i.
584 651 611 714 q.
633 632 795 717 indigenum
810 632 965 718 judicare,
987 651 1140 716 spernere,
1161 639 1355 693 contemnere.
1392 631 1441 691 Ea
1462 629 1514 690 ho-

261 752 365 796 norum
394 733 497 796 vilitas
521 743 602 809 erat,
628 734 743 797 illorum
767 736 859 797 etiam
886 753 960 816 quos
982 734 1086 796 Pallas
1109 752 1166 795 non
1190 729 1415 816 dediqnobatur
1435 730 1465 804 8,
1487 727 1514 804 6,

263 831 311 896 16.
346 832 408 895 un.
431 835 507 896 Pan.
531 833 580 895 55.
603 833 651 897 63.
674 833 781 919 (Veng.
804 836 861 899 Ov.
884 833 989 920 post).

344 949 487 1038 Destinet
510 949 637 1014 maxime
659 952 689 1014 in
712 952 870 1032 participio
894 953 1045 1026 absolute,
1068 959 1101 1013 ut
1123 951 1223 1023 aiunt,
1249 950 1371 1030 ponitur
1393 969 1446 1030 pro
1468 968 1515 1023 66,

262 1053 340 1134 quod
369 1061 415 1114 est
437 1052 524 1114 16661.
568 1051 649 1114 Sunt
670 1055 720 1134 qui
742 1051 953 1136 defunctorum
975 1072 1092 1134 quoque
1113 1053 1226 1114 amicos
1249 1061 1341 1132 agant
1366 1052 1394 1125 1,
1420 1043 1467 1124 17,
1491 1051 1514 1110 l.

262 1155 292 1227 2,
313 1151 343 1226 4,
366 1155 395 1214 2.
418 1153 446 1226 2,
468 1146 498 1226 7,
521 1151 548 1214 5.
572 1155 600 1228 2,
622 1148 651 1228 7,
673 1148 701 1214 7.
724 1156 753 1227 2,
779 1153 826 1229 16,
849 1157 877 1216 2.
900 1157 929 1229 3,
951 1153 980 1228 9,
1002 1154 1029 1216 6.
1053 1155 1082 1228 3,
1103 1154 1154 1229 21,
1176 1152 1205 1216 6.
1228 1154 1258 1226 4,
1280 1152 1332 1225 21,
1355 1153 1384 1212 3.
1407 1151 1436 1224 5,
1448 1147 1476 1222 7,
1488 1152 1514 1210 2.

262 1251 291 1327 5,
316 1252 365 1328 16,
389 1253 415 1314 1.
439 1246 467 1328 7,
490 1255 540 1328 24,
561 1253 590 1316 8.
613 1249 642 1330 7,
664 1256 714 1330 31,
738 1255 766 1317 6.
789 1255 818 1330 9,
840 1256 870 1330 9,
894 1257 919 1318 l.
945 1256 992 1330 10,
1014 1256 1033 1317 5
1056 1253 1118 1339 (4),
1140 1257 1169 1315 2.
1198 1252 1307 1339 (Verg.
1331 1251 1390 1315 Ov.
1413 1250 1514 1322 Quint.

262 1355 335 1416 Tac.
358 1354 443 1417 Suet.
468 1351 534 1439 61).

345 1469 509 1534 Deliiecere
535 1471 554 1533 i.
576 1493 599 1534 s.
623 1492 650 1553 q.
673 1472 769 1534 616166
795 1494 897 1556 nqeue,
912 1473 1006 1559 findi.
1045 1472 1149 1534 Nubes
1172 1479 1239 1534 atra
1262 1480 1292 1533 et
1314 1469 1467 1533 horrenda
1486 1469 1514 1531 16

263 1573 365 1654 longas
387 1573 573 1635 flammarum
595 1574 703 1654 figuras
725 1572 891 1636 dehiscebat
912 1574 941 1648 6,
963 1575 1014 1649 20,
1035 1572 1064 1636 9.
1087 1571 1193 1656 (Varr.
1216 1573 1307 1652 Verg.
1331 1571 1388 1634 Ov.
1410 1569 1502 1653 aie).

344 1687 507 1753 Demarati
534 1691 554 1753 i.
576 1711 600 1754 6.
623 1712 651 1772 q.
674 1690 784 1754 mereri
805 1689 842 1752 de
863 1688 975 1774 aliquo,
997 1691 1131 1775 qratiam
1153 1689 1280 1769 alicujus
1305 1697 1438 1774 captare.
1480 1686 1514 1748 Iu

175 1785 180 1798 '
262 1791 377 1872 Regulo
399 1790 576 1856 demerendo
597 1792 743 1872 Regulum
766 1790 925 1854 imitantur
946 1791 976 1869 4,
988 1794 1018 1867 2,
1028 1792 1058 1856 4.
1081 1789 1154 1875 (Ov.
1176 1790 1242 1854 Liv.
1264 1791 1296 1866 3,
1310 1788 1359 1864 18,
1371 1791 1399 1852 3.
1412 1787 1514 1872 6661.)

345 1906 515 1972 Deuadere.
559 1908 684 1972 Cunctis
718 1928 818 1989 margo
839 1909 967 1972 11666666
989 1908 1023 1994 (1.
1045 1929 1071 1972 6.
1093 1904 1217 1992 exesus)
1239 1906 1271 1992 8,
1293 1908 1344 1980 20,
1367 1907 1397 1970 5.
1431 1905 1514 1990 (Cat.

263 2007 339 2074 0616.
361 2009 440 2072 Ρ116.
464 2006 561 2092 maj.).

346 2123 497 2189 Desidere
518 2127 627 2190 dicitur
649 2128 687 2189 de
709 2147 758 2201 6ο,
780 2127 830 2208 qui
852 2127 881 2190 in
905 2126 1077 2209 spectaculo
1099 2127 1150 2190 diu
1172 2135 1315 2188 moratur.
1359 2122 1445 2196 Quos
1466 2143 1517 2203 ego

263 2247 329 2290 cum
362 2227 501 2290 recordor
533 2227 562 2290 in
592 2247 622 2289 ra
650 2227 735 2290 inani
764 2228 871 2309 frigida
898 2229 1026 2291 adsidua
1054 2237 1118 2291 tam
1145 2227 1363 2290 insatiabiliter
1383 2225 1517 2290 desidere

262 2326 293 2404 9,
315 2327 344 2402 6,
365 2329 394 2390 3.
418 2326 537 2413 (Ρ1661.
560 2330 629 2392 Ter.
652 2327 757 2413 post).

348 2443 497 2508 Desoloce
517 2445 537 2507 1.
558 2466 582 2506 6.
605 2466 632 2526 q.
655 2447 797 2521 deserere,
819 2447 990 2519 destituere,
1011 2443 1188 2529 celinquere.
1221 2444 1350 2508 Domum
1373 2442 1519 2507 desolatus

267 2545 411 2608 fulcitae
439 2545 569 2607 sustinet
600 2547 630 2621 4,
652 2549 702 2622 21,
724 2549 754 2609 3.
796 2548 880 2611 Satis
909 2556 1031 2609 constat
1051 2565 1144 2628 prope
1165 2543 1298 2608 desolato
1319 2546 1433 2627 templa
1454 2565 1519 2608 coe·
1551 2593 1563 2620 ,

266 2646 346 2728 61666
368 2647 513 2708 celebrari
537 2648 585 2722 10,
607 2646 648 2710 96
670 2645 750 2731 (97),
775 2651 822 2712 10.
845 2648 952 2734 (verg.
975 2646 1031 2711 Ov.
1054 2646 1156 2730 post).

348 2745 513 2809 Destinaee
544 2748 714 2830 plerumque
740 2751 906 2830 significare
935 2749 1011 2811 solat
1038 2750 1057 2810 i.
1080 2768 1108 2829 q.
1132 2748 1331 2822 constituere,
1365 2749 1419 2810 sed
1441 2746 1519 2828 apud

266 2847 397 2911 Plinium
420 2859 450 2910 et
471 2849 601 2928 aequales
624 2851 748 2932 aliquot,
770 2852 853 2912 velut
874 2852 953 2932 apud
977 2851 1049 2912 Tac.
1072 2859 1103 2910 et
1124 2849 1211 2912 Suet.
1234 2852 1271 2912 de
1293 2849 1519 2930 magistratibus

266 2946 389 3030 ponitur
421 2949 523 3011 eadem
550 2951 594 3024 vi,
627 2971 685 3033 qua
709 2952 878 3035 deniquere.
926 2953 992 3031 Ego
1020 2973 1038 3011 a
1066 2950 1221 3014 destinetis
1248 2950 1420 3013 censoribus
1452 2948 1519 3031 quid

266 3050 408 3112 sentinam
441 3050 640 3131 interrogatus
676 3054 723 3127 10,
746 3048 786 3114 79
809 3053 892 3137 (83),
914 3052 942 3114 4.
987 3051 1049 3114 Cir.
1076 3051 1132 3113 Cui
1159 3051 1326 3114 destinatus
1354 3060 1402 3114 est
1428 3051 1520 3112 honor

267 3151 298 3223 4,
321 3145 369 3224 17,
392 3152 419 3212 3.
443 3150 521 3234 (ou.
544 3153 611 3216 le.
636 3155 684 3228 10,
706 3157 757 3228 22,
781 3155 806 3215 l.
830 3152 879 3228 39,
901 3155 950 3228 32,
972 3151 1017 3236 9).
1054 3153 1208 3215 Pnaetcrea
1229 3152 1519 3216 commemorandum

268 3261 315 3313 661
336 3251 465 3313 Plinium
488 3253 545 3314 hoc
568 3257 659 3318 verbo
681 3276 767 3318 usum
791 3275 857 3316 6666
880 3255 982 3315 eadem
997 3253 1229 3333 significatione,
1252 3275 1311 3335 qua
1326 3252 1519 3336 despondere.

266 3352 337 3414 Jam
362 3352 510 3414 destinata
533 3365 598 3417 erat
619 3356 734 3437 egregio
753 3355 857 3436 juveni
879 3354 908 3430 5,
932 3353 980 3428 16,
1001 3353 1030 3416 6.
1052 3353 1082 3427 6,
1104 3355 1155 3429 21,
1180 3357 1206 3416 1.
1235 3353 1325 3440 (Hor.
1348 3355 1417 3418 Sat.
1439 3356 1470 3428 2,
1492 3353 1519 3425 3,

267 3448 337 3514 217.
370 3451 454 3516 Suet.
477 3454 552 3516 Caes.
574 3451 642 3541 27).

349 3552 526 3631 Desarene,
549 3559 750 3637 preeuntibus
773 3556 900 3620 Horatio
923 3565 954 3619 at
974 3557 1077 3631 Livio,
1099 3554 1208 3618 dicitur
1223 3556 1280 3617 iere
1300 3576 1353 3636 pro
1376 3575 1422 3630 66,
1444 3553 1518 3636 quod

267 3663 314 3717 661
344 3656 503 3739 suscipere.
546 3659 631 3720 Inter
662 3680 693 3720 66
728 3659 855 3739 majores
885 3659 1070 3740 minoresque
1092 3676 1210 3720 cursum
1233 3665 1447 3738 certamenque
1468 3655 1520 3718 de-

267 3765 389 3818 sumunt
410 3755 440 3830 8,
462 3759 513 3832 20,
535 3753 564 3822 7.

350 3855 495 3920 Deteeere
526 3879 582 3940 per
614 3862 843 3924 translationem
876 3861 988 3923 dictum
1021 3871 1067 3922 661
1100 3861 1136 3921 de
1169 3857 1288 3938 scriptis
1316 3858 1376 3920 fere
1398 3876 1453 3939 pro
1475 3875 1518 3929 co,

267 3956 345 4038 quod
367 3969 412 4020 est
432 3957 621 4034 imminuere,
643 3983 842 4047 conrumpere.
874 3961 977 4024 Nimia
999 3981 1070 4023 cura
1085 3960 1191 4023 deterit
1205 3959 1299 4039 magis
1314 3978 1404 4039 quam
1419 3977 1519 4021 amen-

267 4057 858 4146 wtsszfflmfflmhm
1325 4133 1328 4140 ,

348 4155 558 4244 11161νί69666,
590 4182 647 4243 quo
680 4165 771 4225 verbo
804 4165 947 4227 Olenon
971 4163 1091 4225 videtur
1116 4181 1187 4224 usus
1215 4181 1282 4223 essa
1312 4160 1368 4225 nisi
1391 4164 1420 4225 in
1444 4171 1517 4243 part.

266 4260 341 4339 perf.
359 4279 449 4340 6666,
471 4262 637 4343 saepissime
660 4265 740 4344 apud
761 4265 891 4328 Plinium
913 4272 945 4326 et
965 4264 1108 4345 aequales,
1133 4271 1284 4344 praeeunta
1306 4261 1412 4339 Livio,
1436 4265 1466 4326 in
1484 4263 1518 4324 fi-

266 4359 338 4422 nitis
371 4380 485 4442 quoque
518 4364 613 4426 modis
647 4373 816 4444 usurpatur.
859 4363 1041 4449 Distrinqoe
1066 4363 1163 4426 officio
1191 4365 1220 4438 l,
1245 4363 1293 4436 10,
1314 4360 1344 4424 9.
1366 4367 1397 4438 2,
1420 4364 1469 4436 14,
1492 4364 1517 4425 1.

266 4458 367 4530 Quem
389 4462 489 4524 officia
509 4463 695 4546 6166166661
716 4466 745 4539 3,
767 4465 796 4539 5,
821 4463 867 4529 19.
900 4467 960 4529 un.
986 4466 1013 4539 1,
1035 4465 1086 4539 24,
1108 4466 1137 4526 3.
1161 4462 1190 4539 5,
1212 4463 1242 4539 5,
1264 4464 1294 4525 3.
1315 4459 1345 4539 7,
1369 4464 1418 4541 15,
1443 4466 1469 4528 l.
1490 4462 1517 4536 9,

265 4560 296 4635 2,
320 4561 347 4623 1.
369 4559 399 4635 9,
420 4562 471 4636 25,
493 4563 522 4624 3.
548 4567 594 4639 10,
619 4564 656 4627 19
678 4563 763 4650 (30),
786 4567 813 4628 l.
846 4567 923 4630 Pan.
945 4565 995 4629 94.

348 4658 511 4727 Domitore
531 4665 551 4728 i.
572 4687 597 4728 6.
620 4685 648 4747 6.
672 4665 812 4741 domare,
836 4667 867 4730 id
889 4667 968 4749 qnod
995 4667 1084 4748 plana
1106 4667 1247 4730 convenit
1273 4665 1366 4730 Plinii
1393 4683 1515 4730 consue·
