3264 5332
368 478 408 532 Dc
430 478 490 533 vitu
511 479 541 532 et
562 478 717 534 elocutione
739 477 769 533 O.
792 477 877 534 Plinii
898 477 1001 534 Oaecilii
1024 477 1151 532 Secundi.
1351 477 1388 530 27

142 649 223 711 nensi
248 649 365 712 colonia
394 649 515 712 ludente
529 646 569 734 l).
613 649 683 710 Alio
707 650 770 711 loco
797 649 999 712 fortitudinem
1022 657 1053 711 et
1074 647 1272 712 constantiam
1294 646 1393 710 Arriae

142 747 332 834 praedicat2),
356 751 425 825 alio,
447 751 516 832 quid
539 751 700 831 portendat
722 751 879 826 somnium,
902 751 1047 812 deliberat
1070 771 1135 812 cum
1160 749 1301 831 amico³),
1324 748 1393 821 alio,

142 851 286 933 quomodo
324 853 422 932 imago
455 861 603 912 nocturna
641 850 804 932 quiescenti
842 851 954 912 homini
988 851 1133 912 assistens
1165 851 1277 933 aliquid
1310 869 1393 910 corn-

142 953 329 1013 mandaverit
341 951 371 1036 ⁴)
398 951 445 1013 vel
466 961 642 1032 portentoso
671 951 768 1032 aliquo
797 953 875 1013 facto
904 952 1025 1031 signove
1053 953 1208 1013 innninens
1231 950 1393 1030 periculum

142 1064 196 1114 aut
229 1053 326 1114 scelus
360 1052 550 1114 commissum
583 1051 762 1113 indicaverit
774 1051 819 1134 ⁵),
846 1062 958 1114 narrat.
1001 1051 1036 1113 In
1060 1053 1188 1132 epistola
1210 1048 1239 1124 7,
1258 1047 1308 1123 27,
1330 1071 1394 1132 quae

142 1153 239 1214 omnis
261 1155 371 1214 referta
392 1162 438 1215 est
460 1153 590 1214 anilibus
614 1153 649 1212 da
671 1153 755 1214 vanis
769 1153 945 1232 imaginibus
962 1153 1204 1227 narratiunculis,
1226 1153 1396 1232 serioquae-

148 1254 190 1315 rit
212 1273 250 1315 ex
282 1255 360 1317 Sura
393 1253 501 1327 amico,
532 1273 602 1314 num
626 1262 712 1333 putet
739 1273 804 1314 esse
833 1254 1065 1334 phantasmata,
1098 1254 1175 1335 quod
1197 1254 1254 1315 sibi
1277 1253 1394 1335 quidem

142 1375 317 1436 persuasum
340 1375 414 1429 esse,
436 1361 536 1434 aperte
559 1355 620 1435 ipse
643 1355 765 1415 latetur.
801 1353 860 1416 Sed
883 1354 1032 1436 graviores
1054 1374 1169 1436 quoque
1185 1374 1244 1429 res,
1267 1373 1341 1436 quas
1357 1352 1395 1413 ad

143 1457 195 1516 illa
216 1464 351 1536 tempora
372 1455 571 1517 existimanda
593 1455 719 1516 interest
740 1475 925 1534 cognoscere,
947 1455 1061 1516 Plinius
1083 1454 1112 1515 in
1127 1454 1261 1535 epistolis
1281 1453 1394 1532 attigit.

144 1557 220 1627 Quae
242 1576 289 1617 res
311 1557 388 1618 enim
411 1565 441 1618 et
463 1556 609 1637 quomodo
631 1556 660 1616 in
683 1566 788 1618 senatu
811 1565 976 1635 agerentur,
999 1552 1274 1638 demonstranti),
1307 1574 1394 1635 quam

145 1658 224 1719 latus
257 1667 376 1737 pateret
400 1657 527 1718 licentiae
556 1676 677 1736 campus
705 1656 852 1718 institutis
880 1655 1025 1736 suffragiis
1053 1656 1154 1717 tacitis
1167 1653 1213 1739 ¹),
1235 1656 1395 1736 patefecit,

145 1767 289 1838 quantum
314 1758 351 1818 ad
375 1758 501 1838 pretium
525 1757 698 1836 praediorum
721 1757 893 1819 Italicorum
917 1758 1083 1838 augendum
1112 1757 1224 1819 valeret
1247 1757 1294 1817 lex
1316 1757 1394 1817 Tra·

142 1859 223 1937 jani,
254 1859 308 1920 ”ut
335 1857 488 1920 candidati
516 1857 687 1936 patrimonii
708 1858 829 1919 tertiam
851 1867 967 1938 partem
990 1858 1020 1919 in
1043 1877 1094 1930 ea,
1127 1877 1192 1938 quae
1213 1858 1277 1918 solo
1300 1859 1395 1919 conti-

148 1965 299 2034 nerentur,
322 1957 557 2041 conferrent''⁸),
581 1959 725 2033 ostendit,
747 1960 893 2040 quomodo
908 1979 1014 2026 ,causae
1035 1958 1064 2018 in
1088 1958 1210 2020 consilio
1233 1958 1395 2038 quodarna

145 2060 262 2123 Caesare
295 2068 459 2121 convocato
483 2056 772 2142 disceptarentur9),
806 2061 950 2122 narravit.
993 2061 1040 2121 Ac
1069 2059 1194 2120 multum
1218 2058 1334 2140 quidem
1357 2059 1395 2121 ad

141 2157 404 2243 recitationes10),
437 2180 501 2240 qnae
522 2159 571 2221 illo
593 2169 725 2240 tempore
747 2161 988 2234 increbruerant,
1017 2161 1237 2238 cognoscendas
1259 2159 1393 2222 contulit.

141 2259 259 2332 Quibus
281 2261 507 2323 recitationibus
530 2260 644 2321 Plinius
670 2262 749 2341 ipse,
776 2261 824 2342 qui
855 2263 890 2322 de
913 2262 1041 2342 pigritia,
1063 2280 1121 2341 qua
1143 2261 1181 2322 ad
1204 2259 1395 2322 recitationes

141 2363 305 2424 audiendas
327 2363 442 2424 coirent
466 2361 605 2442 aquales,
627 2370 657 2422 at
680 2363 716 2422 de
739 2363 927 2442 negligentia,
950 2382 1010 2442 qua
1021 2361 1196 2423 recitatores
1210 2361 1394 2435 audirentur,

143 2483 222 2543 saepe
255 2472 434 2544 conquestus
468 2461 590 2544 estll),
628 2463 799 2544 frequenter
828 2473 858 2524 et
891 2463 1025 2542 religiose
1056 2462 1161 2524 adfuit.
1205 2462 1305 2542 Atque
1333 2463 1396 2544 ipse

142 2583 202 2625 non
224 2564 319 2624 solum
342 2583 446 2624 versus
473 2581 556 2637 suos,
579 2565 632 2624 sed
655 2559 744 2625 etiam
768 2564 918 2626 orationes
939 2564 1064 2625 recitare
1087 2563 1276 2645 solebat12),
1310 2584 1396 2644 quem

143 2683 253 2726 morem
272 2663 389 2744 jamdiu
411 2664 560 2725 exoletum
583 2684 648 2726 cum
671 2664 785 2726 Plinius
808 2665 918 2746 primus
942 2672 1113 2726 revocasset
1135 2664 1173 2724 cb
1196 2683 1318 2744 eamque
1334 2685 1397 2726 rem

142 2766 172 2827 in
197 2764 357 2826 multorum
381 2765 642 2846 reprehensionem
666 2767 829 2838 incidisset,
851 2766 999 2846 copiosius
1021 2785 1109 2845 quam
1132 2765 1271 2826 subtilius
1295 2766 1396 2827 deien-

142 2868 211 2927 dere
234 2875 361 2927 conatur
374 2867 428 2949 13).
471 2865 628 2928 Nonnulla
649 2887 762 2948 quoque
785 2867 889 2930 attulit
905 2868 941 2928 ad
960 2867 1039 2928 vitas
1056 2866 1250 2926 illustrandas
1273 2867 1396 2946 elegan-

49 2971 51 2974 ’
142 2967 217 3028 tium
241 2968 425 3046 quorundam
448 2967 626 3046 scriptorum
648 2969 729 3029 velut
744 2968 856 3042 Taciti,
879 2966 1086 3048 Suetoniiss),
1109 2965 1289 3036 Quintiliani
1305 2967 1334 3040 6,
1347 2969 1397 3042 32,

144 3067 296 3128 Martialis
319 3068 348 3140 3,
364 3067 412 3140 21,
436 3066 503 3130 Silii
526 3068 627 3129 Italici
649 3069 679 3141 3,
696 3063 731 3142 7,
754 3069 925 3149 quibuscum
949 3067 1162 3130 familiaritatis
1185 3067 1310 3129 vinculis
1332 3078 1399 3130 erat

143 3167 332 3246 conjunctus,
355 3168 501 3248 praeoipue
524 3187 593 3229 vero
616 3169 704 3230 Plinii
727 3170 846 3248 majoris
869 3169 1022 3240 avunculi,
1050 3167 1134 3246 cujus
1157 3187 1214 3228 non
1238 3171 1325 3230 modo
1347 3190 1398 3232 as-

145 3268 233 3330 sidua
261 3268 428 3330 litterarum
456 3268 556 3330 studia
582 3270 744 3332 celebravit
769 3271 920 3352 editosque
944 3271 1033 3331 libros
1055 3269 1240 3330 enumeravit
1253 3269 1313 3355 15),
1345 3271 1398 3332 sed

146 3369 238 3430 etiam
263 3370 428 3432 luctuosum
452 3370 514 3448 ejus
537 3378 568 3429 et
588 3382 798 3449 praernaturum
821 3371 975 3433 interitum
998 3370 1151 3450 eruptione
1168 3369 1294 3433 Vesuvii
1313 3391 1398 3434 mon-

144 3471 184 3531 tis
206 3470 379 3551 descripsit3
410 3490 475 3551 quae
496 3471 610 3550 eruptio
633 3472 727 3552 qualis
750 3481 831 3534 esset
853 3483 1038 3554 quantasque
1061 3470 1163 3533 ruinas
1186 3469 1301 3545 ederet,
1334 3472 1397 3534 Pli-

146 3571 226 3645 nius,
248 3571 298 3652 qui
319 3571 383 3651 ipse
406 3571 525 3632 viderat
537 3556 704 3644 ,7011ηοί06
730 3583 911 3654 venusteque
938 3573 1072 3636 narravit
1085 3571 1140 3654 ¹¹).
1184 3571 1290 3656 Neque
1314 3574 1400 3635 nobis

150 3735 347 3746 ——-—

195 3826 222 3896 ¹)
246 3830 273 3888 9.
298 3827 346 3881 33.
484 3821 507 3896 ²)
532 3829 560 3891 3,
587 3831 631 3883 16.
769 3823 792 3898 ³)
819 3829 844 3888 l,
872 3827 917 3881 18.
1054 3824 1077 3898 4)
1101 3831 1128 3890 3,
1154 3828 1182 3890 5,
1206 3828 1232 3882 4.

190 3909 214 3984 ⁶)
240 3916 268 3976 5,
293 3915 321 3976 5,
346 3913 371 3968 5.
397 3913 424 3976 7,
451 3914 497 3966 27.
557 3903 576 3954 Ῐ
633 3907 656 3983 6)
683 3917 709 3978 2,
737 3918 783 3970 11.
808 3915 836 3977 3,
861 3914 909 3966 20.
933 3912 960 3973 8,
988 3913 1033 3966 14.
1170 3906 1192 3982 ¹)
1215 3914 1243 3975 4,
1268 3911 1314 3966 25.

191 3995 215 4068 ⁸)
241 4003 268 4061 6,
297 4002 342 4055 le.
480 3994 504 4068 ῃ)
528 4000 628 4062 6,’31.

198 4085 245 4156 ¹⁰)
272 4090 298 4150 l,
316 4087 342 4150 5,
361 4087 389 4140 2.
417 4090 441 4152 1,
462 4087 507 4142 13.
531 4079 563 4149 4:
578 4087 604 4147 7,
623 4087 649 4140 2.
673 4087 702 4150 4,
720 4087 768 4150 27,
789 4089 812 4142 1.
838 4089 864 4150 6,
885 4087 931 4150 15,
950 4087 975 4141 2.
1001 4089 1028 4149 6,
1047 4087 1139 4147 21,2.
1162 4087 1189 4148 8,
1211 4086 1288 4147 12,1
1316 4083 1352 4136 al.

196 4172 244 4242 ¹¹)
271 4177 296 4237 l,
324 4174 369 4228 13.
394 4176 422 4236 6,
450 4176 496 4229 15.

196 4260 243 4330 ¹²)
268 4262 296 4324 3,
322 4261 369 4324 10,
396 4262 474 4324 23,
501 4259 547 4322 18,
570 4261 598 4315 4.
621 4262 648 4322 4,
674 4261 700 4315 5.
731 4258 802 4322 5‚3‚
823 4261 846 4315 1.
872 4260 899 4324 5,
926 4259 1055 4330 1203),
1081 4258 1105 4312 1.
1133 4259 1160 4320 7,
1185 4257 1232 4321 17,
1255 4256 1280 4311 2.
1310 4255 1337 4318 8,
1352 4253 1401 4317 21,

156 4349 182 4402 4.
209 4352 237 4411 9,
262 4349 311 4412 34,
338 4350 363 4401 l.
524 4343 571 4416 13)
596 4349 623 4410 7,
649 4348 694 4401 17.

197 4434 245 4502 ¹⁴)
269 4437 310 4490 Ad
335 4435 458 4488 Taciturn
481 4435 579 4487 multas
604 4435 731 4504 epistolas
753 4433 860 4502 scripsit
888 4435 911 4494 l,
929 4433 954 4486 6.
982 4435 1006 4491 1,
1025 4430 1071 4482 20.
1095 4433 1123 4492 4,
1144 4431 1189 4484 13.
1214 4432 1242 4492 6,
1258 4431 1284 4482 9.
1309 4429 1402 4491 6,16.

151 4523 178 4586 6,
203 4522 250 4575 20.
275 4521 303 4583 7,
328 4521 376 4575 20.
401 4522 428 4584 7,
453 4521 500 4574 33.
526 4521 553 4582 8,
578 4521 604 4574 7.
628 4523 656 4583 9,
684 4523 719 4574 10
751 4527 779 4572 et
807 4523 841 4572 ud
871 4519 1027 4574 Suetonium
1065 4519 1207 4570 nonnullas
1245 4519 1270 4578 l,
1298 4514 1342 4570 18.
1372 4515 1401 4578 3,

151 4607 178 4662 8.
202 4609 229 4668 5,
256 4607 382 4676 10111).
406 4609 434 4670 9,
458 4607 506 4661 34.

201 4693 248 4765 ¹⁵)
272 4696 300 4758 3,
325 4696 352 4750 5.
494 4689 541 4764 ¹⁶)
567 4696 594 4757 6,
619 4696 666 4749 16.
690 4695 717 4756 6,
742 4692 790 4746 20.
