3264 5332
329 452 370 508 De
392 453 453 508 vita
475 454 503 508 et
526 452 682 510 elocutione
704 453 733 510 C.
758 453 843 508 Plinii
864 452 968 508 Cacilii
990 453 1117 508 Secundi.
1318 453 1355 506 67

104 625 203 704 Atque
225 625 417 700 adverbium,
441 627 518 706 quod
540 636 589 689 est
609 625 755 711 maligne,
777 635 811 688 ut
832 646 910 706 saepe
931 627 1011 706 apud
1034 625 1173 688 Ovidium
1194 631 1224 684 et
1238 623 1356 684 Livium

102 733 210 788 exstat.
243 726 397 806 Respondi
419 747 496 788 nunc
518 747 563 789 me
585 727 756 806 intellegere
768 725 898 810 malipne
917 728 1026 790 dictum
1042 725 1107 800 1,5,
1122 727 1168 787 12.
1191 723 1253 786 Cir.
1265 723 1295 798 9,
1307 722 1356 786 38.

185 823 428 907 Mapnanirnitas
459 847 513 908 pro
545 828 753 910 nequitu-dine
781 827 878 889 animi
907 830 986 908 apud
1014 828 1188 890 Ciceronem
1212 844 1270 886 uno
1293 824 1357 886 loco

103 937 207 988 exstat
239 926 311 1011 (Off.
337 928 363 1002 1,
385 928 442 1002 43,
468 925 551 1012 152).
606 931 756 990 Praeterea
789 949 934 1009 nusquam
968 930 1086 990 videtur
1118 925 1244 988 inveniri
1278 925 1358 1005 apud

102 1047 201 1089 aureae
221 1029 322 1089 aetatis
344 1027 514 1108 scriptores.
548 1031 643 1092 Tuam
667 1049 735 1090 vero
757 1029 1036 1113 mupnanimitatern
1057 1049 1095 1092 an
1119 1027 1297 1089 modestiam
1319 1046 1356 1087 au

103 1128 321 1207 benignitatem
344 1128 425 1209 prius
448 1129 558 1192 mirer?
579 1131 656 1191 Pan.
679 1128 730 1191 58.
754 1127 869 1214 (Seu).

186 1227 339 1292 Patientia
373 1231 432 1292 fere
464 1250 517 1311 pro
550 1229 727 1294 lentitudine
762 1231 871 1293 dicitur
909 1232 945 1292 de
983 1250 1033 1304 eo,
1071 1232 1122 1311 qui
1162 1228 1246 1291 facile
1279 1227 1358 1289 indi-

104 1349 177 1410 gnas
199 1349 245 1390 res
266 1331 393 1405 tolerat,
426 1332 464 1393 ad
487 1351 576 1413 quam
599 1330 844 1411 significationem
866 1331 970 1392 Livius
993 1331 1038 1416 (l,
1064 1332 1114 1405 50,
1140 1329 1175 1413 4)
1197 1329 1357 1391 transitum

104 1431 231 1510 paravit.
268 1431 412 1494 Maritum
435 1452 493 1493 non
517 1433 581 1495 sine
604 1433 703 1514 aliqua
726 1433 954 1512 reprehensione
972 1431 1129 1516 patientias
1151 1450 1235 1492 amor
1256 1431 1357 1490 uxoris

104 1531 281 1594 retardabat
302 1531 331 1605 6,
353 1532 403 1606 31,
424 1532 454 1594 5.
488 1533 549 1596 Cfr.
571 1533 645 1595 Pan.
668 1535 718 1596 22.
742 1532 856 1617 (Tac).
899 1533 1014 1594 Eodem
1041 1533 1128 1594 modo
1156 1531 1286 1611 positum
1310 1538 1355 1591 est

105 1633 278 1694 adverbium
295 1631 453 1716 patienter.
487 1634 689 1696 inconsultius
712 1653 787 1696 uxor
809 1635 968 1714 adsumpta
990 1642 1043 1696 aut
1064 1642 1181 1695 retenta
1189 1631 1357 1715 patientius

104 1733 179 1796 Pan.
201 1732 252 1794 83.

187 1831 390 1909 Poenitentio,
421 1844 571 1914 praeeunte
603 1836 706 1911 Livio,
739 1855 819 1916 scope
851 1837 899 1898 usi
926 1845 997 1897 sunt
1022 1835 1182 1914 scriptores
1208 1842 1356 1913 argenteae

106 1935 215 1996 aetatis.
255 1935 371 1998 Subitae
395 1935 562 2015 largitionis
590 1937 726 1999 comitem
749 1937 955 2016 paenitentiam
978 1955 1148 1999 caveremus
1173 1937 1199 2009 1,
1220 1933 1250 2006 8,
1270 1934 1299 1996 8.
1328 1935 1356 2006 l,

105 2036 154 2110 24,
176 2035 207 2097 4.
230 2029 259 2110 7,
283 2037 310 2110 l,
331 2037 361 2099 3.
384 2031 414 2111 7,
439 2037 487 2111 10,
509 2038 537 2099 3.
560 2036 589 2112 9,
611 2039 661 2111 21,
687 2039 711 2100 1.
736 2038 784 2113 10,
807 2037 847 2100 96
869 2032 952 2123 (97),
974 2041 1002 2100 2.
1028 2037 1074 2099 10.

188 2133 357 2214 Quantitas.
399 2139 537 2219 Excepto
558 2139 716 2211 Vitruvio,
740 2141 888 2202 veteribus
910 2139 1103 2219 scriptoribus
1124 2137 1269 2198 inusitata
1296 2154 1355 2196 vox

105 2237 181 2300 idom
208 2237 373 2317 siguificat,
406 2241 484 2320 quod
510 2239 610 2323 eopia,
642 2237 808 2303 multitudo.
851 2241 882 2302 A
910 2241 1042 2320 qualibet
1063 2238 1225 2322 quontitate
1248 2236 1355 2298 vicesi-

105 2358 183 2402 mam
206 2339 314 2400 inferre
336 2349 456 2420 cogetur
477 2342 554 2405 Pan.
576 2339 625 2403 39.
649 2341 743 2423 (Pliu.
766 2342 834 2420 maj.
857 2338 960 2411 Quint.
987 2338 1081 2424 Dig.).

186 2437 367 2504 Reverentia
398 2442 479 2521 apud
510 2448 617 2521 poetas
645 2440 716 2525 (Ov.
739 2440 845 2524 Prop.)
868 2452 898 2503 et
918 2443 1094 2522 scriptores,
1126 2440 1175 2521 qui
1197 2446 1265 2520 post
1286 2437 1354 2500 Au-

105 2549 222 2620 gustum
235 2543 379 2616 inerunt,
401 2543 503 2605 crebro
530 2543 697 2618 invenitur3
724 2561 762 2603 ex
783 2543 887 2604 solutae
910 2543 1052 2604 orationis
1074 2541 1283 2622 scriptoribus,
1305 2539 1354 2619 qui

105 2662 201 2704 aureae
222 2643 306 2704 aetati
328 2653 574 2718 annumerantur,
598 2644 678 2724 apud
701 2643 873 2705 Ciceronem
896 2644 988 2704 solum
1013 2654 1132 2706 exstare
1148 2643 1266 2703 videtur
1281 2639 1353 2725 (off.

107 2744 133 2816 l,
148 2743 198 2816 28,
213 2740 263 2806 99.
290 2744 491 2807 ”Adhibenda
501 2753 548 2806 est
559 2746 694 2826 quaedam
709 2745 875 2807 reverentia
891 2745 1034 2806 adversus
1050 2740 1227 2827 homines'’).
1256 2742 1353 2802 Nemo

104 2845 233 2906 tortasse
265 2845 447 2926 frequentius
474 2845 533 2907 hac
559 2865 631 2908 voce
658 2866 729 2907 usus
752 2855 797 2907 est
819 2865 908 2927 quam
930 2845 1063 2920 Plinius,
1092 2845 1142 2925 qui
1164 2863 1231 2906 cum
1252 2842 1353 2903 verbis

104 2942 247 3017 habendi,
268 2946 439 3028 prestandi
461 2946 617 3025 conjunxit
638 2966 692 3027 pro
715 2965 764 3019 eo,
796 2948 874 3027 quod
897 2956 944 3007 est
965 2948 1044 3028 apud
1066 2946 1240 3010 Ciceronem
1262 2941 1353 3004 arihi-

105 3043 179 3108 beve.
222 3045 373 3110 Retractis
401 3047 522 3128 pudoris
550 3056 581 3109 et
605 3046 774 3110 reuerentia
802 3047 940 3109 claustris
968 3049 998 3120 2,
1023 3047 1070 3120 14,
1091 3047 1120 3108 4.
1142 3047 1172 3119 4,
1194 3044 1245 3119 28,
1267 3046 1295 3106 2.
1322 3042 1352 3119 6,

104 3146 154 3220 31,
176 3145 205 3207 9.
228 3140 258 3221 7,
282 3149 331 3222 11,
354 3149 381 3208 3.
409 3143 438 3222 7,
459 3149 509 3222 24,
530 3147 559 3208 5.
582 3148 612 3222 8,
634 3149 685 3222 24,
708 3147 736 3210 o.
758 3149 834 3211 Pan.
857 3147 886 3209 8.
911 3147 957 3210 19.
980 3145 1029 3209 60.
1072 3146 1147 3208 Mihi
1170 3146 1280 3208 abillo
1302 3165 1352 3207 re-

104 3248 236 3310 uerentia
262 3256 295 3309 ut
321 3250 428 3329 aequali
449 3247 612 3311 habebatur
638 3249 668 3322 4,
693 3243 739 3322 17,
761 3248 789 3310 6.
833 3248 932 3321 Quam
953 3249 1006 3311 1115
1026 3248 1222 3312 reverentiam
1243 3245 1351 3308 marito

104 3368 158 3410 suo
177 3348 319 3432 prestitit
340 3349 370 3424 8,
392 3350 421 3424 5,
446 3350 472 3412 1.
500 3351 530 3425 3,
551 3350 581 3424 8,
606 3352 631 3412 l.
662 3351 709 3424 10,
731 3349 772 3412 26
794 3347 877 3436 (11),
902 3351 929 3412 1.

189 3445 391 3532 Simplicitas,
413 3452 615 3530 preeuntibus
633 3449 739 3513 Ovidio
752 3461 783 3512 et
793 3452 896 3524 Livio,
918 3447 1350 3528 vox-usitatissimaestscrip·

105 3549 220 3610 toribus
248 3550 477 3630 posterioribus,
508 3552 658 3614 translata
684 3552 899 3632 significatione
927 3572 980 3632 pro
1001 3550 1198 3636 ingenuitate,
1229 3548 1351 3612 ueritate

102 3650 209 3729 posita.
251 3650 327 3711 Mihi
352 3672 434 3733 aeque
453 3653 587 3732 jucunda
609 3653 667 3714 erit
688 3651 864 3737 simplicitas
886 3653 1090 3714 dissentientis
1113 3671 1199 3732 quam
1222 3670 1350 3731 conpro-

101 3751 201 3812 bantis
227 3752 392 3813 auctoritas
414 3753 444 3827 3,
465 3753 495 3828 4,
517 3753 545 3816 9.
574 3755 602 3827 3,
626 3754 674 3826 10,
695 3754 724 3814 5.
746 3754 778 3826 4,
800 3753 847 3828 14,
872 3754 918 3815 10.
941 3753 970 3828 6,
988 3755 1035 3828 12,
1051 3753 1078 3814 5.
1101 3751 1234 3827 6,26,1.
1258 3751 1287 3824 6,
1298 3750 1348 3822 31,

103 3850 148 3914 14.
172 3845 202 3926 7,
228 3850 275 3926 15,
296 3851 324 3914 3.
347 3846 376 3928 7,
399 3855 449 3927 20,
471 3855 499 3916 2.
525 3855 572 3928 19,
593 3853 614 3915 8
636 3852 718 3940 (24),
740 3854 768 3916 5.
801 3856 878 3917 Pan.
898 3855 928 3918 4.
951 3854 1000 3916 54.
1022 3853 1072 3916 84.

182 4052 244 4116 Sed
267 4073 324 4115 non
347 4054 441 4116 solum
464 4055 559 4117 multa
579 4055 769 4119 substantiva
790 4058 957 4131 abstracta,
980 4075 1045 4137 quac
1066 4062 1220 4127 vocantur,
1242 4070 1348 4130 argen-

100 4161 147 4216 tea
169 4163 261 4216 aetate
288 4156 462 4218 factasunt
484 4156 522 4218 ad
544 4156 721 4219 brevitatem
744 4157 886 4220 orationis
909 4155 1146 4238 consequendam
1170 4161 1200 4215 et
1221 4153 1348 4214 circum-

102 4254 264 4318 locutiones
287 4257 430 4318 molestas
452 4257 625 4331 evitandas,
647 4259 699 4319 sed
721 4258 809 4320 etiam
833 4278 970 4338 magnam
986 4263 1186 4318 concretorum
1202 4255 1348 4324 substan-

100 4355 244 4430 tivorum,
266 4375 332 4436 quae
354 4358 503 4432 dicuntur,
526 4358 640 4438 copiam
664 4361 741 4439 apud
764 4359 924 4440 scriptores
946 4358 1025 4419 illius
1046 4354 1144 4417 aetatis
1167 4353 1349 4430 invenimus,

100 4475 163 4536 quae
184 4477 244 4519 non
266 4459 345 4538 apud
367 4466 482 4520 veteres
504 4458 535 4522 in
557 4479 612 4522 usu
634 4470 745 4523 essent.
788 4461 909 4523 Illorum
931 4456 1201 4532 substantivorum,
1224 4476 1349 4538 quorum

101 4558 238 4639 pleraque
266 4578 285 4620 a
309 4559 409 4621 verbis
435 4560 525 4626 ducta
552 4571 624 4626 suut
646 4571 678 4624 et
699 4565 837 4627 desinunt
862 4557 1113 4633 in-tor-tria-sor,
1147 4557 1262 4621 Plinius
1285 4558 1350 4620 haec

102 4660 160 4721 tere
183 4679 312 4722 novasse
335 4660 464 4724 videtur:
