3264 5332
223 441 259 498 12
711 441 738 497 J.
760 441 792 498 P.
816 441 983 513 Lagergren.

221 617 320 679 lebrat
344 623 375 679 ot
397 623 499 696 aperte
522 614 636 678 indicat
659 615 717 678 sibi
738 623 854 694 gratum
883 634 963 688 asse,
993 613 1048 676 ”iis
1074 633 1140 696 qum
1169 614 1291 676 honeste
1318 613 1422 676 iecisse
1444 636 1480 678 se

221 719 324 780 credat
345 716 585 779 testificationem
609 716 759 797 quandam
782 725 814 778 et
835 715 921 797 quasi
941 716 1093 797 premium
1115 715 1275 778 accedere”
1290 713 1330 800 ¹),
1352 723 1480 796 prseter-

221 838 309 900 quam
348 818 427 900 quod
467 817 562 878 amico
601 817 716 880 cuidam
760 817 931 890 mandavit,
970 826 1004 880 ut
1035 816 1063 877 in
1098 815 1164 878 basi
1198 835 1379 890 marmoree,
1410 837 1480 899 quae

221 918 408 982 Corinthium
440 917 554 998 signum
581 938 601 980 a
627 917 725 980 Plinio
751 917 780 978 in
807 919 871 980 aede
892 917 978 981 Jovis
1006 916 1135 997 positum
1158 917 1334 991 sustineret,
1367 935 1476 980 nomeu

219 1040 305 1082 suum
328 1019 513 1099 honoresque
541 1017 683 1080 incideret
695 1019 739 1102 ²),
772 1028 913 1100 quantam
942 1018 1172 1081 ostentationem
1202 1018 1232 1080 id
1259 1038 1321 1098 praa
1343 1037 1375 1080 se
1398 1021 1477 1090 lert,

221 1120 298 1202 quod
321 1121 450 1200 gloriose
471 1119 558 1182 affert
579 1119 712 1181 carmina
733 1119 884 1182 Martialis
897 1117 928 1203 ³)
951 1129 982 1180 et
1003 1117 1101 1182 Sentii
1122 1117 1269 1198 Augurini
1282 1117 1311 1201 ⁴)
1338 1119 1367 1181 in
1389 1138 1476 1182 suam

222 1221 338 1283 laudam
372 1221 550 1302 composita,
582 1220 659 1302 quod
694 1239 794 1282 eorum
822 1221 1010 1300 potissimum
1032 1219 1209 1299 scriptomm
1232 1219 1323 1283 libros
1345 1238 1477 1284 comme·

221 1332 332 1395 morat,
355 1322 462 1403 quibus
484 1321 576 1402 ipsius
598 1320 702 1383 laudes
724 1321 934 1383 contineantur
946 1321 985 1404 ⁵).
1028 1320 1174 1382 Libenter
1194 1339 1311 1402 quoque
1331 1320 1478 1400 gloriatur

221 1422 256 1483 de
283 1422 314 1484 vi
340 1421 515 1504 eloquentiae
542 1422 661 1505 sual),
695 1423 796 1502 inepte
826 1421 954 1495 latetur,
987 1422 1064 1501 quod
1087 1440 1192 1482 nornen
1216 1441 1302 1482 sunm
1325 1441 1475 1484 unacum

220 1523 333 1598 Taciti,
366 1542 452 1605 quem
486 1523 571 1584 valde
597 1523 763 1584 admiratus
792 1531 854 1594 est,
887 1522 1005 1584 nomine
1031 1520 1061 1582 in
1091 1541 1141 1583 ore
1164 1531 1254 1603 atque
1275 1541 1413 1584 sermone
1434 1523 1476 1584 sit

220 1624 299 1704 vulgi
312 1625 358 1706 Ἰ),
391 1624 558 1685 delectatur
590 1623 698 1685 civium
732 1622 896 1702 cupiditate
929 1643 961 1684 se
994 1621 1141 1684 dicentem
1175 1623 1314 1686 audiendi
1327 1621 1372 1705 8),
1412 1623 1475 1684 fra·-

221 1733 346 1808 quenter
367 1745 399 1786 se
421 1723 564 1804 praedioat
591 1723 772 1786 imitatorem
795 1724 1005 1786 Demosthenis
1018 1720 1065 1808 ⁰),
1086 1722 1238 1787 Ciceronis
1260 1725 1398 1786 aemulum
1413 1722 1474 1807 ¹⁰),

148 1815 151 1822 ’
220 1846 313 1908 neque
341 1825 460 1888 dubitat
489 1824 597 1887 dubias
625 1823 803 1905 Panegyrici
823 1824 870 1886 sui
893 1825 994 1888 laudes
1016 1825 1080 1904 ipse
1103 1824 1206 1886 tollere
1220 1821 1277 1909 ¹¹).
1320 1826 1395 1888 Haec
1417 1846 1474 1888 au·

219 1937 278 1989 tem
300 1927 400 1989 omnia
423 1926 546 1988 forsitan
570 1925 700 2007 aliquam
723 1926 947 1988 excusationem
964 1926 1096 1988 habeant
1111 1925 1385 2000 considerantibus,
1406 1925 1474 1988 Pli-

220 2028 299 2090 nium
332 2029 429 2089 solum
462 2026 583 2089 virtutis
617 2035 647 2086 et
679 2025 845 2088 studiorum
878 2027 1032 2107 praemium
1060 2026 1089 2088 in
1120 2027 1263 2088 memoria
1287 2026 1473 2107 posteritatis

218 2129 348 2208 positum
373 2146 437 2190 esse
466 2128 656 2189 arbitratum.
706 2127 856 2188 Praeterea
881 2128 910 2188 in
940 2128 1074 2207 epistolis
1095 2127 1159 2206 ejus
1181 2147 1239 2189 non
1262 2127 1371 2190 desunt
1392 2146 1472 2190 veras

218 2229 371 2292 modestiae
393 2227 541 2308 exempla.
575 2227 658 2290 Satis
680 2226 759 2288 anim
782 2227 935 2290 moderate
959 2231 1079 2303 latetur,
1100 2247 1133 2289 se
1155 2247 1190 2289 ne
1211 2228 1387 2308 discipulum
1404 2227 1473 2309 qui-

218 2331 286 2393 dem
314 2329 414 2392 Taciti
435 2329 541 2390 debere
563 2327 621 2390 dici
635 2324 692 2412 ¹²),
715 2327 976 2390 desidiosissimum
999 2349 1031 2390 se
1054 2329 1116 2408 ipse
1139 2328 1211 2390 dicit
1233 2348 1298 2390 cum
1322 2329 1472 2392 avunculo

218 2439 424 2511 comparatum
437 2429 498 2512 ¹³),
521 2428 646 2509 ingenue
668 2428 812 2502 concedit,
832 2449 864 2490 sa
888 2449 990 2491 versus
1011 2429 1094 2492 Arrii
1108 2429 1256 2492 Antonini
1278 2430 1467 2492 aemulantam

217 2533 256 2594 ab
289 2531 451 2611 archetypo
484 2529 545 2592 labi
572 2537 604 2590 et
625 2529 820 2611 decideren)
852 2549 944 2611 seque
968 2533 1093 2592 lbrtasse
1116 2531 1145 2592 in
1168 2530 1248 2591 omni
1270 2550 1301 2592 re
1322 2549 1466 2612 perquam

217 2631 353 2711 exiguum
376 2627 552 2715 sapere¹⁵)‚
575 2632 707 2692 modeste
729 2638 825 2709 optat,
847 2640 881 2691 ut
901 2651 996 2694 senex
1016 2632 1122 2694 saltem
1144 2630 1292 2709 ingenium
1314 2631 1467 2696 Ciceronis

217 2733 317 2814 aliqua
338 2751 376 2794 ex
396 2739 481 2812 parte
503 2730 621 2812 assequi
643 2729 739 2812 possit
752 2728 810 2814 ΙΙΙ).
843 2728 934 2800 Quod
950 2752 1020 2794 vero
1035 2752 1120 2795 suam
1135 2732 1284 2814 quandam
1300 2732 1466 2795 orationem

217 2832 404 2913 comparavit
425 2852 490 2894 oum
506 2832 692 2894 orationibus
707 2832 916 2895 Demosthenis
932 2843 963 2894 et
976 2832 1135 2896 Aeschinis
1149 2853 1186 2896 ao
1199 2851 1283 2912 paene
1302 2833 1361 2894 illis
1378 2841 1467 2894 anbe-

216 2934 350 3016 posuisse
374 2929 557 3017 videtum),
579 2934 658 3014 quod
680 2931 841 2996 versiculos
862 2953 945 3008 suos,
967 2953 1041 3016 quos
1064 2934 1208 3014 pessimos
1230 2934 1320 2996 luisse
1343 2933 1397 3020 (de
1412 2932 1466 3007 iis,

216 3035 267 3118 qui
291 3034 381 3097 etiam
411 3053 489 3096 nunc
516 3043 653 3107 manent,
686 3033 889 3112 conjecturam
919 3034 1012 3119 lucio)
1035 3035 1086 3096 vix
1107 3035 1205 3116 ipsum
1227 3035 1345 3116 quidem
1368 3037 1466 3115 lugere

217 3135 324 3218 potuit,
346 3133 462 3213 magnis
486 3134 623 3197 laudibus
646 3134 763 3207 extulit,
785 3155 891 3218 eosque
913 3136 990 3199 dixit
1012 3136 1083 3214 legi,
1105 3136 1247 3210 describi,
1269 3136 1401 3209 cantari,
1422 3134 1467 3197 ci-

215 3238 304 3300 thera
325 3245 355 3298 et
378 3235 443 3317 lyra
463 3237 614 3317 personari
629 3237 690 3318 18),
716 3238 795 3317 quod
817 3236 954 3299 Taciturn
977 3237 1111 3318 impense
1133 3236 1265 3316 rogavit,
1299 3245 1333 3298 ut
1353 3236 1466 3299 oratio-

217 3358 285 3401 nem
313 3357 366 3418 pro
398 3336 521 3400 Baeticis
547 3347 652 3399 contra
678 3337 813 3400 Baebium
842 3339 975 3400 Massam
1008 3338 1142 3400 habitam
1169 3337 1359 3400 historiarum
1383 3337 1466 3400 libris

217 3440 360 3501 insereret
373 3437 434 3518 ¹⁰),
456 3457 491 3500 ea
513 3439 612 3499 nimiae
632 3449 704 3501 sunt
725 3438 903 3517 arrogantie
925 3448 956 3499 et
978 3457 1063 3518 paene
1085 3438 1287 3518 impudentia.

298 3540 367 3601 Non
401 3539 465 3600 sine
498 3558 589 3600 causa
610 3539 640 3600 id
662 3558 776 3620 quoque
797 3538 896 3601 Plinio
918 3539 1053 3602 nonnulli
1080 3539 1250 3601 tribuerunt
1271 3539 1358 3612 vitio,
1385 3540 1465 3621 quod

216 3661 274 3705 non
298 3640 375 3702 satis
397 3659 504 3702 amans
526 3640 674 3702 libertatis
696 3640 802 3720 ignave
825 3642 939 3719 fugeret
959 3639 1019 3702 iras
1041 3640 1206 3721 principum
1228 3640 1320 3723 iisque
1342 3640 1465 3702 nimium

214 3741 389 3824 obsequium
418 3749 584 3820 praestaret.
627 3742 706 3803 Nam
731 3760 816 3803 nemo
845 3739 963 3822 quidam
992 3741 1088 3822 possit
1116 3760 1240 3821 negare,
1272 3741 1403 3805 Plinium
1435 3741 1464 3804 iu

214 3841 399 3925 Panegyrico
414 3841 533 3903 modum
548 3840 577 3902 in
594 3841 754 3904 virtutibus
767 3841 890 3922 Trajani
902 3842 1097 3922 praedicandis
1109 3839 1331 3927 transiissem),
1354 3851 1385 3906 et
1400 3852 1465 3906 tum

214 3945 243 4006 in
266 3944 318 4006 illa
339 3941 473 4004 oratione
496 3949 559 4004 tum
581 3942 610 4004 in
633 3942 767 4022 epistolis
789 3941 995 4029 nonnullisss)
1017 3964 1057 4007 ex
1077 3943 1222 4025 Bithynia
1242 3944 1281 4007 ad
1302 3943 1464 4023 Trajanuru

213 4087 411 4100 *-

261 4139 280 4208 1)
325 4145 354 4210 9,
380 4146 406 4208 9,
431 4145 478 4200 99.
632 4139 655 4205 ·-’)
679 4145 707 4208 9,
732 4148 759 4209 9,
784 4146 809 4202 9.
945 4140 971 4216 ³)
995 4146 1023 4210 9,
1048 4148 1097 4203 21.
1234 4143 1254 4212 ⁸)
1277 4145 1306 4210 4,
1331 4147 1378 4201 99.

259 4226 281 4298 5)
305 4233 333 4294 9,
357 4232 384 4286 s.
408 4233 436 4294 9,
460 4233 509 4287 99.
626 4223 649 4295 6)
672 4233 700 4294 9,
725 4233 773 4293 99,
801 4234 889 4288 9-9.
1003 4227 1024 4298 ἵ)
1048 4236 1076 4296 9,
1102 4233 1150 4296 99,
1174 4235 1200 4289 a.
1317 4227 1340 4300 8)
1363 4234 1392 4298 4,
1418 4235 1465 4288 99.

258 4313 281 4383 ⁰,
308 4322 333 4383 9,
358 4320 385 4382 9,
410 4320 436 4374 9.
577 4311 606 4378 109
634 4320 658 4381 9,
683 4318 710 4380 9.,
733 4320 760 4374 4.
787 4322 811 4384 1,
836 4321 864 4385 9,
890 4320 936 4376 12.
960 4320 988 4384 4,
1012 4320 1040 4383 9,
1063 4322 1090 4376 4.
1230 4316 1263 4384 ΙΙ)
1286 4320 1314 4384 9,
1342 4320 1387 4375 99.

263 4403 308 4469 12)
333 4405 361 4469 9,
385 4405 413 4468 9,
437 4405 463 4459 9.
568 4402 614 4469 13)
639 4406 666 4468 a.
692 4405 719 4469 9,
746 4409 792 4462 99.
895 4404 940 4471 14)
966 4407 993 4469 9,
1021 4407 1057 4462 99
1082 4409 1153 4474 (ro).
1260 4403 1307 4472 15)
1331 4407 1359 4472 9,
1383 4409 1411 4470 9,
1437 4409 1461 4462 9.

261 4489 463 4558 mmmm.
605 4489 753 4558 1999
894 4491 1094 4567 ηημ9.
1232 4492 1405 4562 ¹qam

259 4577 307 4643 20)
330 4580 381 4635 on.
404 4580 469 4634 999.
493 4579 627 4634 99-99.
652 4581 701 4634 ro.
726 4580 774 4635 99.
799 4579 933 4636 99-99.

257 4663 305 4732 ²¹)
332 4668 380 4730 99,
406 4667 443 4721 ro
467 4665 521 4735 (9),
545 4667 571 4721 a.
605 4668 653 4731 99,
676 4667 694 4722 9
718 4667 791 4732 (94),
817 4669 842 4721 9.
875 4668 923 4732 99,
945 4659 1011 4742 (99)
1035 4666 1084 4730 4ο,
1112 4666 1136 4720 9.
