3226 5332
308 431 347 484 De
370 432 430 484 vita
451 433 480 484 et
502 427 657 484 elocutione
679 418 708 482 0.
732 428 816 484 Plinii
837 428 940 484 0001111
961 427 1086 484 Secundi.
1286 424 1325 478 89

158 603 258 666 Poma
287 602 428 666 dicuutur
454 603 529 683 ipsae
551 602 689 676 arbores,
716 601 747 664 in
770 603 877 684 quibus
899 622 989 684 poma
1017 611 1153 665 crescunt
1176 599 1204 674 5,
1226 599 1255 672 6,
1277 599 1325 662 35.

77 708 159 790 (Get.
182 705 273 784 Verg.
296 703 373 766 Plin.
397 701 490 787 maj.).

156 803 258 868 Latus
290 805 320 866 in
352 803 497 883 singulari
524 822 646 865 numero
673 823 727 884 pro
755 802 900 867 lateribus
922 805 1041 867 dicitur.
1086 802 1162 865 Voci
1185 800 1327 881 laterique

75 908 261 970 consulerem
288 907 317 979 2,
342 906 389 980 ll,
416 906 451 966 15
465 903 504 989 1),
527 904 647 987 (Quint.
670 904 745 967 Ι.0.
766 905 812 980 10,
835 900 864 978 7,
886 903 931 989 2).

164 1004 277 1089 thttta
299 1007 327 1067 in
350 1005 491 1086 singulari
513 1024 634 1068 nurnero
657 1006 817 1085 opponitur
831 1025 952 1082 somno;
976 1005 1115 1068 usitatior
1136 1013 1182 1065 est
1204 999 1328 1083 pluralis

76 1127 216 1172 numerus
238 1107 357 1188 propria
378 1106 593 1186 significatione
615 1107 680 1168 voci
701 1107 847 1186 subjecta.
883 1107 918 1168 Ιο
935 1107 981 1168 his
997 1104 1110 1189 vigilie,
1131 1107 1161 1167 in
1178 1104 1223 1164 his
1238 1103 1327 1164 etiam

75 1229 197 1272 somnus
209 1217 371 1290 reponatur
384 1208 411 1281 1,
422 1209 451 1280 3,
462 1209 492 1268 3.
514 1205 635 1291 (Quint.
647 1208 672 1269 Ι.
688 1206 724 1269 0.
740 1201 769 1281 7,
783 1209 813 1281 2,
827 1207 873 1268 14.
890 1207 976 1270 Suet.
989 1209 1067 1287 Aug.
1080 1205 1129 1269 78.
1149 1204 1227 1268 cels.
1240 1207 1270 1278 2,
1282 1203 1326 1286 6).

158 1312 343 1390 Frequenter
374 1308 567 1370 substantive
589 1306 763 1370 ”abstracta
788 1317 818 1370 et
843 1308 1042 1380 materialia''‚
1081 1328 1145 1388 quae
1171 1315 1329 1379 vocantur,

74 1411 154 1491 apud
177 1410 307 1474 Plinium
329 1409 359 1470 in
382 1409 489 1488 plurali
513 1428 634 1470 numero
656 1409 756 1489 posite
776 1409 860 1482 sunt,
883 1429 948 1471 cum
972 1428 1041 1470 vero
1064 1409 1115 1469 vix
1136 1406 1329 1489 0010000011)

74 1513 184 1593 saepius
196 1530 284 1592 quam
299 1510 402 1574 Cicero
417 1509 480 1589 ipse
496 1509 695 1571 substantivis
711 1509 912 1572 ’‘abstractis'’
924 1511 953 1571 in
967 1510 1074 1590 plurali
1087 1528 1207 1570 numero
1224 1507 1327 1588 positis

75 1633 146 1675 usus
169 1612 222 1685 sit,
256 1631 309 1672 nec
335 1610 409 1672 satis
438 1618 556 1671 constet
578 1630 664 1690 quam
689 1611 747 1671 late
772 1612 851 1691 apud
874 1619 986 1673 eeteros
1008 1611 1166 1690 scriptores
1189 1609 1236 1671 hic
1259 1629 1328 1670 usus

75 1721 200 1794 pateat,
233 1711 306 1773 nihil
338 1711 463 1773 interest
495 1731 541 1771 me
575 1711 623 1772 hic
655 1712 751 1773 multa
779 1711 916 1791 exempla
943 1713 1063 1784 afferre,
1095 1711 1327 1792 quamobrerne

76 1833 185 1895 magua
207 1812 293 1892 eopia
315 1831 410 1892 pauca
432 1811 550 1890 eligam.

159 1913 321 1976 Adventus
342 1914 373 1987 4,
398 1912 424 1987 1,
446 1912 474 1973 4.
515 1912 672 1974 Desideria
696 1913 773 1975 Pau.
796 1913 846 1974 20.
886 1912 996 1975 Exitus
1018 1910 1047 1984 5,
1069 1910 1099 1984 5,
1121 1911 1150 1974 3.
1172 1911 1202 1983 8,
1228 1912 1274 1986 12,
1297 1911 1327 1975 4.

75 2015 275 2094 Indignitates
297 2016 326 2088 2,
350 2014 398 2090 14,
422 2014 469 2075 14.
502 2013 697 2076 infirmitates
718 2014 749 2087 8,
776 2014 822 2088 16,
847 2014 873 2076 1.
913 2013 1071 2076 Lectiones
1087 2007 1116 2085 7,
1131 2014 1182 2087 21,
1200 2014 1226 2074 l.
1258 2014 1329 2074 Me-

76 2126 127 2178 tus
149 2117 181 2190 4,
202 2117 253 2188 21,
274 2116 301 2177 5.
331 2114 361 2188 6,
384 2115 434 2188 20,
460 2116 485 2176 l.
513 2109 543 2188 7,
565 2112 615 2188 27,
638 2109 667 2177 7.
706 2116 824 2178 Militiae
845 2109 874 2188 7,
897 2114 946 2188 25,
968 2117 995 2175 2.
1035 2116 1149 2177 Mortes
1172 2113 1202 2188 8,
1227 2111 1275 2186 16,
1300 2115 1326 2175 l.

77 2217 155 2300 (cfr.
175 2217 269 2289 Neue,
292 2216 464 2289 1.1.e.Th.,
487 2216 560 2294 Pag.
576 2214 662 2297 436).
695 2217 855 2279 Novitates
880 2218 906 2288 1,
921 2216 951 2291 4,
966 2216 995 2277 4.
1018 2215 1171 2296 Obsequia
1186 2217 1261 2277 Pan.
1279 2213 1326 2278 16.

76 2318 221 2380 Secessus
244 2317 273 2390 4,
296 2319 346 2390 23,
368 2316 397 2377 4.
440 2315 517 2396 Spes
539 2315 569 2390 8,
591 2318 641 2387 23,
662 2312 692 2380 7.
729 2316 913 2379 sterilitates
938 2315 1118 2398 10‚8(24),
1134 2315 1162 2377 5.
1202 2315 1328 2378 Succes-

76 2419 174 2480 siones
199 2419 227 2491 1,
243 2419 291 2491 12,
306 2417 335 2478 4.
360 2418 408 2491 10,
422 2416 443 2479 8
458 2414 542 2500 (24),
560 2417 585 2477 l.
619 2418 794 2480 Varietates
815 2419 845 2492 4,
861 2418 910 2490 24,
925 2416 954 2479 6.
988 2418 1171 2479 Voluptates
1189 2418 1218 2491 2,
1236 2415 1282 2487 16,
1299 2419 1327 2479 2.

160 2520 187 2580 Ε
209 2518 407 2580 substantivis
430 2517 683 2592 ''materialibus'',
711 2538 776 2598 quea
799 2528 952 2594 vocantur,
982 2519 1045 2580 haec
1073 2520 1133 2580 fere
1154 2527 1226 2579 suut
1247 2538 1329 2579 eom·

79 2619 281 2681 memoranda.
322 2618 406 2681 cera
431 2616 509 2692 l,6,
533 2618 560 2680 1.
597 2620 750 2680 Marmora
771 2618 800 2693 9,
823 2618 873 2695 39,
896 2621 924 2681 3.
960 2620 1052 2681 Μο110
1073 2619 1103 2691 4,
1125 2620 1154 2694 3,
1178 2619 1206 2680 3.
1242 2619 1329 2680 Prae-

79 2731 162 2782 terea
185 2721 287 2800 digna,
310 2739 374 2801 quae
398 2729 664 2782 commemorentur
685 2720 930 2782 substantivam
954 2720 1060 2800 plurali
1083 2739 1206 2781 numero
1222 2720 1329 2800 posita,

79 2831 164 2883 sunt:
187 2821 323 2882 Materiae
341 2822 387 2895 10,
408 2821 446 2882 41
468 2818 552 2904 (50),
570 2822 599 2882 2.
634 2823 726 2883 Nives
745 2820 775 2896 8,
791 2820 821 2896 8,
835 2821 864 2884 4.
897 2823 972 2884 Ρο0.
989 2821 1038 2884 68.
1071 2821 1156 2884 Soles
1170 2819 1201 2894 9,
1222 2823 1251 2893 2,
1267 2820 1329 2905 4³).

80 2923 188 2984 Vestes
210 2921 240 2996 5,
265 2921 313 2990 16.
335 2917 363 2983 7.

162 3023 208 3084 De
225 3023 290 3103 ipsa
311 3022 485 3084 ”verborum
502 3021 719 3084 collocatione''
734 3023 906 3102 praeteriens
922 3042 1043 3096 moneo,
1068 3021 1260 3106 imperatoria
1275 3041 1330 3083 vo-

79 3143 143 3185 cem
166 3124 202 3184 de
225 3123 355 3204 principe
373 3133 546 3205 usurpatam
563 3142 619 3184 000
636 3123 731 3184 solum
746 3134 816 3186 ante
832 3144 948 3198 nomen,
971 3122 1126 3184 sedetiam
1143 3133 1212 3203 post
1223 3142 1328 3184 nomeu

79 3223 159 3304 poni.
202 3225 273 3286 Ibat
294 3225 331 3286 ad
355 3223 574 3304 Vespasianum
598 3221 809 3307 imperatorem
831 3227 860 3296 3,
879 3224 910 3298 5,
928 3224 957 3287 9.
979 3225 1009 3299 4,
1028 3220 1074 3296 17,
1088 3223 1118 3286 8.
1152 3222 1284 3306 (Contra
1298 3223 1330 3298 4,

79 3327 130 3399 22,
153 3324 185 3399 4,
216 3325 777 3405 0011000οΚ0050.0101150017,
802 3348 827 3388 s.
852 3347 878 3388 v.
907 3325 1016 3386 allatus
1044 3333 1106 3397 est,
1137 3325 1167 3386 in
1201 3325 1331 3386 editione

80 3425 171 3486 Keilii
197 3425 303 3506 legitur
325 3427 404 3506 apud
428 3424 639 3510 imperatorem
661 3427 819 3509 Nervam).
864 3427 1035 3504 Cognomen
1059 3435 1252 3488 autemante
1276 3445 1331 3487 no-

81 3545 147 3588 rnen
169 3547 249 3607 saepe
272 3527 403 3606 ponitur,
426 3529 521 3589 velut:
545 3529 648 3589 Massa
669 3528 791 3589 Baebius
810 3548 862 3608 pro
881 3526 985 3590 Baebio
997 3529 1102 3590 Massa
1116 3529 1146 3598 3,
1161 3527 1191 3599 4,
1207 3525 1227 3586 4
1234 3545 1243 3600 ;
1265 3527 1331 3590 Ru-

81 3628 127 3688 fus
151 3627 292 3690 Varenus
314 3626 344 3701 5,
359 3629 409 3703 20,
428 3629 453 3688 l.
482 3628 559 3709 (cfr.
582 3629 716 3706 Madvig,
738 3627 906 3692 Grammat.
929 3629 1001 3691 Lat.
1025 3630 1070 3691 ed.
1086 3629 1146 3702 III,
1169 3630 1243 3706 Peg.
1259 3627 1331 3702 436,

81 3729 153 3792 Not.
177 3738 207 3790 et
229 3729 362 3808 Draeger,
384 3730 403 3792 l.
419 3728 438 3790 1.
461 3729 535 3808 Pag.
558 3724 608 3802 75,
631 3728 753 3813 1221).

130 3907 146 3976 Ι)
169 3913 220 3968 cfr.
242 3915 342 3978 Krebs,
365 3917 458 3970 Antib.
482 3918 523 3969 ed.
546 3917 593 3978 IV,
616 3933 636 3969 s.
660 3933 685 3968 v.

127 3993 149 4063 2)
173 4001 224 4054 Cir.
239 4003 361 4073 Draeger,
384 3995 472 4059 ”liber
492 4003 601 4074 Syntax
623 4005 677 4055 und
701 4004 752 4058 Stil
769 4005 816 4057 des
831 4002 964 4064 Teaitns'',
979 4001 1045 4074 Peg.
1061 4003 1086 4058 2.
1109 4003 1224 4076 Leipzig
1243 4003 1331 4058 1868.

83 4087 168 4148 Neue,
192 4088 209 4141 l.
224 4089 242 4141 1.
266 4106 288 4142 0.
311 4091 368 4152 Th,
391 4090 458 4161 Peg.
483 4089 553 4152 395,
576 4107 650 4158 sequ.

128 4167 150 4238 3)
172 4175 203 4228 10
228 4193 259 4228 00
283 4177 403 4247 Dreeger,
428 4178 477 4230 1.1.
501 4179 566 4247 Pag.
593 4178 605 4230 l
638 4174 753 4236 erravit,
784 4178 855 4248 quod
880 4193 959 4230 usum
982 4175 1065 4246 hujus
1088 4176 1159 4230 vocis
1181 4177 1208 4230 10
1233 4176 1333 4245 plurali

85 4277 195 4314 numero
224 4263 320 4332 positae
342 4265 406 4317 00110
429 4263 619 4332 scriptoribus,
653 4262 698 4332 qui
722 4270 784 4330 post
807 4269 963 4334 Augustum
987 4259 1112 4322 luerunt,
1136 4263 1246 4326 tribuit,
1270 4281 1331 4318 nem

86 4348 128 4402 hic
161 4365 226 4401 usus
253 4367 287 4402 ne
309 4367 326 4403 a
348 4351 475 4404 Cicerone
505 4350 611 4420 quidem
645 4356 672 4402 et
700 4349 778 4403 Livio
801 4351 960 4420 repudiatus
984 4356 1032 4402 est.
1077 4348 1256 4416 (0011000,
1281 4352 1330 4404 1.1.

87 4452 108 4487 e.
129 4437 188 4497 Th,
221 4437 288 4506 Peg.
313 4437 394 4498 433).
439 4439 575 4492 Praeterea
597 4438 619 4488 si
642 4437 701 4506 quis
725 4437 933 4490 Grammaticam
963 4436 1037 4488 illam
1067 4437 1165 4506 saepius
1191 4440 1332 4493 laudatam

87 4522 312 4589 pervolutaverit,
336 4525 434 4577 multos
457 4524 524 4578 elios
547 4525 619 4577 locos
641 4523 720 4577 Plinii
744 4527 842 4578 allatos
866 4522 997 4584 inveniet,
1025 4539 1092 4592 quos
1116 4542 1166 4596 ego
1197 4525 1273 4578 omisi
1297 4527 1333 4579 ob

88 4625 144 4662 eam
168 4627 241 4678 saepe
264 4626 387 4672 causam,
411 4613 482 4679 quod
505 4611 531 4664 in
556 4610 674 4663 editione
696 4610 838 4665 novissima
861 4609 958 4671 Keilii,
982 4625 1062 4678 quam
1079 4611 1222 4666 editionem
1240 4613 1266 4666 10
1284 4615 1334 4668 hoc

89 4697 218 4765 opusculo
241 4698 432 4751 conscribendo
456 4715 507 4771 ego
530 4705 637 4752 secutus
659 4715 732 4761 sum,
756 4699 882 4754 lectiones
905 4702 968 4750 sunt
990 4703 1109 4753 mutetae.
