3264 5332
342 469 382 523 De
404 469 465 524 ritu
486 471 515 525 et
537 470 691 528 elocutione
713 470 742 526 0.
765 469 850 526 Plinii
871 468 976 526 Caecilii
996 468 1123 525 Secundi.
1322 469 1360 524 35

114 640 191 713 bam,
215 639 349 702 eundem
373 660 439 703 cum
460 641 590 722 scripsi,
613 643 745 706 eundem
767 643 944 706 etiarncum
957 642 1113 716 remittor,
1127 661 1188 705 nou
1202 648 1363 721 tamquam

114 741 239 802 eundem
262 741 332 819 lego
358 742 385 814 l,
410 739 457 816 16,
480 735 509 804 7.
552 743 647 804 Tanti
675 742 736 804 viri
765 741 932 806 mortalitas
960 743 1060 822 magis
1082 741 1171 806 finita
1191 759 1282 822 quam
1302 738 1363 801 cita

113 849 159 902 est
179 842 208 914 2,
234 842 260 915 1,
285 841 333 902 10.
377 839 497 903 Parum
518 841 613 905 immo
636 842 764 904 ariusium
786 844 981 907 meminisset
1001 845 1031 917 3,
1056 841 1104 916 14,
1130 843 1155 904 1.
1197 840 1247 902 Ibi
1262 838 1363 921 pluri·

113 961 194 1002 mum
218 941 323 1003 scribo
346 961 402 1003 nec
422 963 542 1024 cyrum,
565 962 654 1025 quem
678 963 739 1005 uon
762 944 879 1019 habeo,
911 945 964 1008 sad
984 945 1086 1027 ipsum
1107 962 1154 1004 mc
1175 940 1290 1003 studiis
1311 959 1364 1003 ca·-

112 1038 190 1116 coio,·
221 1060 259 1104 ac
289 1041 354 1121 jem
386 1061 512 1122 possum
545 1042 604 1104 tibi
637 1049 674 1105 ut
694 1043 767 1106 aliis
789 1044 821 1107 in
845 1043 923 1106 locis
944 1042 1085 1106 borreum
1105 1043 1229 1124 plenum
1251 1039 1297 1102 sic
1318 1039 1364 1104 ibi

111 1141 257 1203 scr-imum
280 1143 444 1204 ostendere
466 1141 496 1216 4,
518 1142 547 1216 6,
568 1146 597 1206 2.
640 1145 708 1207 Nec
729 1153 835 1207 tamen
864 1145 968 1207 adhuc
999 1162 1126 1224 possum
1150 1141 1364 1224 pronuntiare,

112 1252 213 1304 utrum
236 1243 280 1305 sit
301 1242 460 1305 difficilius
481 1265 587 1328 capere
610 1245 728 1327 aliquid
753 1265 792 1308 au
815 1244 943 1308 scribere
969 1243 1003 1319 5,
1029 1242 1084 1316 18,
1106 1246 1135 1307 2.
1179 1243 1230 1326 (Iu
1253 1241 1364 1324 proxi·

113 1343 170 1405 mis
193 1342 345 1423 exemplis
368 1344 489 1406 duobus
511 1345 675 1408 admodum
698 1345 813 1426 ineptae
836 1355 910 1408 suut
931 1343 1174 1426 contentiones).
1216 1343 1364 1423 Respon-

112 1444 159 1504 dit
181 1443 257 1506 mihi
280 1443 429 1523 Fontejus
450 1446 583 1525 Magnus
599 1443 746 1529 plurimis
767 1444 880 1521 verbm,
898 1443 1091 1529 comissimis
1112 1441 1202 1506 rebus
1222 1443 1253 1516 b,
1268 1442 1318 1516 20,
1333 1442 1362 1506 4.

112 1542 215 1614 Quam
240 1543 367 1606 dubium
391 1553 449 1618 est,
471 1564 510 1606 an
533 1546 643 1608 meritc
667 1555 830 1609 accusetur
852 1547 905 1629 qni
928 1566 968 1609 an
991 1545 1114 1608 omniuo
1137 1543 1363 1606 accusaturis-

112 1654 230 1706 certum
253 1643 321 1706 est?
342 1639 372 1718 7,
396 1646 443 1720 10,
466 1647 495 1707 3.
539 1643 689 1727 Quisquis
712 1647 776 1721 ille,
798 1647 941 1720 sileatur,
964 1665 1054 1728 quem
1075 1641 1364 1728 iuriquireeaempli

111 1743 203 1813 aiiii,
225 1766 285 1807 aaa
307 1744 455 1827 iaeiquira
476 1745 673 1809 humanitatis
694 1745 866 1831 plurimam
888 1748 985 1810 refert
998 1744 1029 1819 8,
1043 1748 1095 1817 22,
1110 1745 1140 1807 4:
1182 1744 1274 1807 Habe
1289 1752 1362 1806 ente

112 1845 217 1908 oculos
240 1846 322 1908 hanc
344 1865 411 1908 esse
435 1854 564 1920 terram,
586 1867 654 1929 quae
677 1847 760 1928 leges
783 1869 845 1910 aaa
866 1847 964 1922 uictis,
985 1847 1038 1910 secl
1056 1842 1226 1930 pemudbus
1241 1843 1365 1912 dederit

111 1944 140 2021 8,
161 1946 214 2020 24,
236 1945 266 2008 4.
309 1947 420 2028 Neque
443 1947 523 2010 enim
547 1948 717 2028 periculum
743 1958 791 2012 est
818 1969 856 2012 ne
889 1950 933 2012 sit
954 1947 1082 2011 nimium
1105 1946 1187 2028 quod
1210 1964 1278 2008 esse
1296 1965 1363 2006 ma·

110 2048 226 2109 nimum
249 2046 395 2119 deberit,
416 2047 467 2122 24,
492 2048 538 2111 10.
581 2049 642 2110 His
664 2047 762 2123 arella,
783 2050 849 2112 illis
870 2071 931 2113 aaa
952 2047 1037 2111 uuila
1059 2048 1128 2110 laus
1150 2046 1179 2121 9,
1195 2045 1245 2122 26,
1259 2048 1288 2109 2.
1312 2044 1363 2107 Iu

110 2145 237 2231 simqulie
271 2148 397 2211 veniam
432 2156 468 2210 ut
499 2168 559 2210 aaa
583 2147 710 2233 siuyulie
737 2151 828 2212 dabis
850 2149 880 2225 9,
902 2149 953 2225 29,
975 2153 1004 2212 2.
1047 2151 1155 2212 Venor
1176 2146 1363 2228 aliquande,

110 2248 165 2310 scd
187 2267 251 2310 uon
273 2248 342 2310 sine
364 2248 586 2330 pugillaribus,
609 2257 659 2324 ut,
688 2251 830 2332 quamvis
851 2249 929 2314 nibil
951 2251 1100 2332 ceperim,
1132 2269 1193 2310 aaa
1213 2245 1290 2310 cibit
1311 2265 1363 2309 re·

111 2349 206 2411 teram
229 2347 260 2422 9,
281 2347 333 2419 36,
354 2348 384 2412 6.
427 2350 499 2412 Νοιι
522 2351 560 2412 de
582 2359 709 2434 tyrcano
731 2353 786 2414 sed
809 2353 847 2414 de
869 2352 946 2424 oica,
967 2370 1027 2414 non
1051 2351 1088 2413 de
1110 2348 1232 2412 domiuo
1252 2346 1362 2411 sedda

108 2458 231 2532 parente
253 2449 409 2531 loquimur
431 2451 499 2514 Pau
520 2453 549 2512 2.
593 2451 701 2515 Sentit
732 2450 798 2525 sibi,
832 2473 892 2514 noa
913 2452 1053 2536 principi
1074 2450 1136 2514 dici
1159 2450 1239 2514 Ibid.
1282 2449 1362 2512 Per-

110 2549 301 2613 suedendurn
325 2550 497 2631 provinciis
520 2558 590 2614 erat
611 2551 690 2614 illud
712 2552 774 2615 iter
795 2551 973 2616 Domitiani
994 2552 1102 2627 fuisse,
1124 2571 1185 2613 uon
1208 2547 1363 2634 pmacabis

110 2651 188 2713 Pen.
210 2651 260 2713 20.
304 2648 468 2714 Hominem
499 2671 533 2715 se
566 2652 665 2732 magis
694 2653 829 2716 sentiret
859 2653 956 2716 tuisse
979 2672 1072 2734 quam
1095 2651 1188 2716 civem
1208 2652 1288 2714 Pan.
1310 2647 1362 2712 25.

111 2750 294 2814 Crescereut
324 2751 362 2814 do
382 2763 432 2814 tua
454 2752 507 2833 qui
530 2763 706 2816 crescerent
727 2752 782 2816 tibi
803 2756 879 2818 Pan.
902 2751 953 2815 26.
998 2753 1139 2828 Cavisti,
1172 2771 1211 2814 ue
1225 2749 1364 2834 fundata

109 2850 229 2932 legibus
252 2852 365 2915 civitas
387 2873 489 2916 cumea
510 2852 630 2934 legibus
653 2854 814 2917 videretur
834 2856 913 2918 Pan.
930 2854 980 2917 34.
1013 2852 1138 2924 Quanto
1157 2871 1236 2916 nunc
1250 2850 1359 2925 tutior,

109 2959 227 3034 quanto
266 2953 404 3016 securior
441 2953 550 3016 eadem
590 2954 714 3029 domus,
758 2962 925 3036 postquam
962 2975 1022 3018 aaa
1059 2951 1260 3026 crudelitatis,
1302 2951 1359 3016 sed

109 3053 221 3116 amoris
243 3053 399 3128 excubiis,
421 3073 483 3117 nou
506 3053 665 3117 solitudine
687 3065 714 3118 et
733 3053 886 3130 claustris,
908 3055 963 3118 sed
985 3054 1095 3117 ciuium
1115 3052 1281 3118 celebritate
1302 3052 1359 3115 de·

109 3154 246 3218 tenditur
267 3156 345 3218 Pan.
367 3152 417 3217 49.
462 3155 509 3218 Tu
535 3153 613 3217 nibil
639 3154 772 3240 amplius
800 3156 849 3218 ris
876 3155 932 3220 tibi
958 3155 1052 3219 licere
1074 3174 1169 3238 quam
1189 3151 1291 3217 uobis:
1311 3152 1359 3216 sic

108 3254 198 3318 litut
218 3275 273 3318 aas
292 3254 347 3318 tibi
362 3253 434 3338 plus
454 3255 585 3319 velimus
608 3258 686 3319 Pau.
709 3254 759 3320 65.

189 3353 292 3427 Quam
314 3356 412 3420 multa
434 3356 530 3418 etiarn
553 3356 586 3420 in
608 3356 672 3420 illis
695 3357 856 3440 exemplis,
880 3377 947 3440 qua
969 3377 1010 3420 ex
1025 3355 1180 3420 immensa
1199 3355 1291 3438 copie
1307 3362 1359 3420 at-

107 3457 182 3531 tuli,
205 3457 340 3539 quaesita
361 3457 521 3520 videntur!
565 3458 681 3521 Verum
705 3459 760 3522 illa
781 3460 906 3540 quidem
926 3465 1123 3541 parvisunt.
1166 3456 1219 3520 Ad
1235 3456 1358 3537 majora

108 3557 233 3621 dicendi
255 3557 391 3622 artificia
413 3558 583 3638 veniamus.
615 3559 697 3623 Nam
719 3560 805 3624 haud
827 3557 1154 3624 raro’'commutatio”
1168 3558 1241 3633 illc,
1263 3576 1356 3642 quem

106 3656 208 3721 Groeci
231 3667 347 3721 vocant
369 3653 636 3744 dmraecalioiq'r,
659 3661 833 3724 invenitur:

185 3758 214 3820 Ii
247 3759 299 3841 qui
331 3759 497 3824 benefacta
529 3781 586 3823 sua
608 3762 714 3824 verbis
737 3762 893 3825 adornant
913 3781 978 3824 non
996 3759 1064 3822 ideo
1082 3759 1262 3844 predicare,
1283 3757 1357 3842 quia

96 3854 244 3938 feceriut,
275 3859 329 3922 eccl
355 3870 388 3922 ut
410 3860 615 3943 predicarent
627 3859 738 3944 fecium
760 3863 930 3925 creduntur
953 3862 980 3936 l,
1001 3860 1032 3936 8,
1058 3861 1104 3923 15.
1146 3859 1270 3924 Liberti
1293 3857 1354 3920 mei

104 3977 163 4022 uon
197 3959 278 4022 idem
304 3961 388 4041 quod
409 3981 462 4045 eqo
483 3961 611 4035 bibunt,
633 3961 790 4024 sedidem
812 3982 864 4044 eya
886 3963 970 4044 quod
993 3961 1100 4025 liberti
1122 3963 1151 4035 2,
1173 3960 1203 4034 6,
1224 3959 1253 4022 4.
1295 3959 1355 4022 Ju-

103 4060 235 4122 cuudum
248 4067 412 4143 utrumque
436 4097 473 4108 -
495 4059 627 4124 laborem
647 4061 717 4136 atio,
738 4062 797 4124 atio
818 4060 948 4124 laborem
970 4063 1096 4125 variare
1117 4059 1147 4135 8,
1168 4059 1199 4133 8,
1219 4059 1250 4123 4.
1285 4059 1354 4140 Ego

103 4162 256 4241 optimum
278 4169 311 4223 et
332 4162 617 4225 emendatissimum
642 4162 805 4238 existimo,
839 4163 891 4244 qui
913 4163 1017 4226 ceteris
1044 4163 1088 4225 ita
1113 4158 1254 4246 iquoscit,
1275 4168 1355 4222 tom·

102 4281 192 4342 quam
212 4262 278 4344 ipse
298 4261 404 4325 cotidie
420 4272 532 4346 peccat,
554 4261 597 4324 ita
609 4262 739 4347 paccata
753 4262 893 4337 abstinet,
915 4273 1070 4348 tamquam
1084 4258 1198 4324 nemini
1210 4260 1353 4342 iquoscat.

101 4359 130 4435 8,
151 4363 203 4436 22,
225 4364 255 4424 2.
299 4363 403 4427 Unum
438 4363 524 4425 illud
550 4363 666 4426 addam
700 4363 805 4428 omnia
837 4364 915 4426 mihi
947 4373 1029 4426 tauto
1060 4357 1262 4424 laudabiliora
1283 4361 1355 4423 visa

102 4472 210 4543 quanto
225 4460 426 4545 jucundiora,
447 4473 528 4526 tauto
547 4463 732 4548 jucundiora
753 4473 864 4548 quauta
885 4461 1087 4527 laudabiliora
1108 4467 1200 4524 erunt
1214 4460 1243 4536 9,
1258 4463 1308 4538 31,
1323 4463 1354 4526 2.

35 4563 36 4566 ’
103 4561 172 4624 Non
194 4561 293 4626 accim
318 4564 434 4638 auimo,
466 4563 522 4627 sed
548 4564 683 4628 animum
709 4563 800 4627 cadis
822 4584 935 4646 sequor
956 4564 985 4639 9,
1007 4562 1057 4638 36,
1079 4565 1107 4626 2.
1155 4560 1223 4624 Tibi
1243 4571 1353 4638 terrae,

103 4665 238 4726 cmm
260 4665 389 4748 reliquit
416 4666 495 4728 Pan.
520 4667 568 4728 10.
622 4665 765 4730 Meruisti
787 4665 935 4748 proxima
966 4663 1198 4740 moderatione,
1230 4671 1352 4728 utnon
