3264 5332
186 463 224 517 80
674 464 700 518 J.
723 463 754 517 Ρ.
776 463 943 534 Lagergreu.

267 635 396 700 Meotao.
439 635 510 698 Jam
534 637 613 715 apnd
635 636 725 698 Lucu.
754 636 859 717 legitur
881 636 1017 698 ”meatus
1040 634 1149 696 lunae.”
1191 633 1283 714 Apud
1305 631 1437 694 Plinium

184 737 293 799 dicitur
324 745 438 799 meotres
471 737 580 798 anima
612 737 648 798 de
676 739 881 820 respiratione.
924 736 1044 800 Meotao
1071 737 1182 798 aalma
1202 735 1244 796 illi
1266 733 1388 813 gravior
1409 742 1440 794 et

185 839 340 899 sonantior
362 846 427 898 erat
448 835 607 912 6,16,13.
636 837 797 920 (Similiter
818 838 922 909 Quint.
946 839 970 898 Ι.
992 837 1026 900 Ο.
1050 831 1080 912 7,
1094 838 1141 911 10,
1155 837 1194 898 10
1215 834 1308 898 dixit:
1332 831 1439 896 ’'Mea-

185 947 248 999 tam
269 937 424 1021 optritae.”
447 938 509 1000 on.
531 938 602 1000 Tac.
624 938 705 1001 Auo.
730 939 778 1013 14,
799 938 867 1022 01).

269 1053 413 1118 Mensura
446 1055 526 1136 apud
559 1056 689 1118 Plinium
720 1064 750 1118 et
777 1057 904 1137 aequales
927 1055 1056 1135 aliquot,
1088 1054 1336 1135 quemadmodum
1359 1054 1439 1134 opud

187 1155 275 1218 Ovid.
299 1155 407 1217 dicitur
433 1175 485 1236 pro
512 1156 615 1230 modo,
647 1157 772 1220 ratione.
815 1158 862 1218 Ne
890 1157 958 1237 quid
987 1154 1082 1217 simile
1114 1156 1183 1216 istic
1210 1173 1264 1234 pro
1297 1175 1439 1216 rnenaara

187 1255 308 1338 periculi
327 1275 432 1318 vereor
452 1255 481 1331 8,
502 1252 549 1331 17,
568 1255 596 1319 6.
625 1260 799 1321 Mansuram
822 1257 956 1319 beneficii
977 1257 1022 1319 tui
1044 1255 1184 1336 intellego
1202 1255 1298 1330 10,51
1313 1252 1397 1342 (12),
1409 1256 1439 1318 2.

266 1371 483 1448 Ministeriam,
506 1375 706 1455 praeeuntibus
729 1376 819 1456 Verg.
844 1372 899 1436 Ov.
922 1373 1002 1448 Liv,
1034 1371 1263 1435 usitatissimum
1288 1381 1335 1435 001
1357 1374 1439 1453 apnd

186 1475 344 1555 scriptores
366 1476 554 1555 posteriores,
588 1475 718 1556 Operam
741 1495 825 1538 suam
849 1477 950 1538 Prisco
966 1475 1003 1536 ad
1019 1473 1223 1554 turpissimum
1238 1474 1440 1536 ministeriam

186 1577 390 1636 commodasse
412 1578 440 1650 2,
465 1577 512 1651 ll,
535 1578 583 1637 23.
607 1578 636 1651 3,
657 1577 686 1651 9,
710 1577 757 1639 14.
781 1577 810 1651 5,
836 1575 882 1650 19,
904 1577 933 1637 4.
955 1576 985 1650 9,
1008 1576 1057 1648 33,
1081 1575 1128 1638 10.
1152 1574 1200 1649 10,
1222 1569 1262 1636 27
1283 1573 1365 1659 (36).
1392 1569 1440 1649 10,

185 1676 220 1737 31
247 1675 328 1761 (40),
349 1679 379 1738 2.
404 1676 452 1750 10,
475 1676 515 1738 54
537 1674 620 1762 (62),
644 1678 669 1741 l.
696 1679 743 1754 10,
765 1672 804 1740 75
827 1671 910 1762 (79),
935 1678 962 1738 l.

267 1791 394 1876 Pipnos.
439 1795 505 1857 Hoc
538 1796 713 1858 vocabulum
747 1796 826 1876 apud
859 1803 980 1875 pottas,
1013 1794 1096 1855 velut
1123 1813 1171 1874 ap.
1194 1793 1248 1856 Ov.
1271 1793 1380 1874 Prop.,
1409 1806 1439 1855 et

186 1895 265 1974 apud
298 1895 417 1956 Livium
451 1898 620 1977 ponebatur
648 1897 684 1958 de
712 1896 886 1977 conjugibus
913 1894 1071 1975 liberisque
1101 1893 1438 1979 (00111010),

185 1997 289 2058 deiude
312 1996 401 2057 latius
424 2006 526 2077 patere
549 1997 647 2078 coepit
669 2018 739 2059 0000
762 1997 914 2071 vocabuli,
936 1996 979 2057 ita
1001 2005 1035 2057 ut
1056 1995 1111 2058 hoc
1134 1995 1250 2056 nomine
1273 1994 1438 2075 amplecte·

184 2105 286 2158 rentur
324 2097 414 2158 etiam
447 2106 601 2177 parentes,
633 2099 830 2180 propinquos,
863 2096 1061 2171 necessarios,
1094 2097 1214 2159 amicos.
1275 2094 1436 2158 Corellium

184 2217 301 2258 summa
329 2197 405 2259 ratio
432 2198 549 2261 adhoc
577 2199 732 2261 consilium
761 2199 919 2280 compulit,
952 2215 1131 2279 quamquam
1160 2198 1321 2259 habentem
1344 2196 1436 2258 liliam

184 2317 305 2359 uxorem
336 2307 472 2378 nepotem
498 2318 629 2374 sorores,
656 2300 788 2381 interque
815 2310 862 2363 tot
884 2298 1018 2384 pipnora
1039 2317 1125 2359 veros
1147 2298 1259 2361 amieos
1284 2297 1311 2372 1,
1336 2297 1386 2374 12,
1408 2299 1435 2359 3.

184 2398 246 2460 Gir.
269 2399 345 2460 Pan.
368 2393 417 2460 37.
440 2397 490 2461 39.
524 2397 645 2484 (Quint.
669 2402 741 2463 Tac.
764 2399 872 2485 Stat).

266 2513 403 2600 Papulas
425 2536 477 2596 pro
493 2517 686 2602 frequentia,
708 2518 897 2582 multitudine
919 2516 1035 2578 dicitur.
1073 2515 1198 2580 Gratius
1220 2527 1337 2592 tamen,
1360 2517 1438 2598 quod

185 2617 404 2680 occursantium
426 2617 560 2701 popalus
589 2628 619 2681 te
648 2640 777 2702 quoque,
810 2629 840 2682 te
862 2620 952 2681 immo
985 2617 1113 2680 maxime
1146 2627 1261 2680 artaret
1286 2618 1366 2680 Pan.
1387 2619 1436 2680 23.

184 2718 245 2781 Cir.
268 2719 399 2798 Magnus
422 2739 437 2780 e
461 2720 578 2799 regione
600 2729 667 2783 tota
689 2723 750 2784 coit
768 2718 898 2806 popolus
920 2718 950 2794 9,
973 2715 1023 2794 39,
1045 2720 1074 2780 2.
1108 2717 1179 2801 (Ov.
1203 2718 1314 2782 001011.
1334 2721 1436 2802 post).

265 2833 413 2898 Prosootr
434 2838 512 2916 apud
535 2837 665 2901 Plinium
687 2839 795 2901 dicitur
820 2839 927 2902 aroris
952 2857 1034 2900 avae.
1067 2836 1162 2898 Eram
1183 2854 1250 2898 oum
1270 2855 1437 2919 prosocero

184 2954 249 2998 meo
271 2935 301 3010 t,
326 2937 364 2998 14
385 2935 465 3021 (lb),
486 2936 516 3000 8.
539 2938 568 3014 8,
591 2941 641 3012 20,
664 2941 693 3002 3.
723 2937 822 3025 (Ov.).

265 3049 374 3114 teate.
419 3053 498 3116 Sunt
525 3055 597 3117 locis
625 3057 760 3136 pluribus
783 3056 928 3136 disposita
948 3051 1055 3116 sedilia
1077 3073 1093 3114 e
1115 3071 1262 3116 marmore
1284 3053 1314 3129 5,
1335 3054 1365 3130 6,
1387 3055 1436 3118 40.

183 3153 288 3236 (Varr.
311 3153 402 3234 Verg.
426 3154 481 3217 Ov.
505 3154 604 3240 Hoc).

263 3251 357 3315 Sidae
379 3256 415 3316 de
437 3264 615 3340 tempestate,
637 3256 709 3320 coeli
730 3258 947 3340 temperatione.
980 3258 1065 3318 Ferae
1087 3264 1190 3335 gentes
1212 3274 1271 3317 non
1287 3255 1355 3318 telis
1371 3275 1437 3319 ma-

181 3355 225 3432 gis
252 3373 339 3434 quam
368 3375 420 3418 suo
449 3356 547 3432 coelo,
569 3378 623 3419 000
645 3358 742 3421 sidere
764 3369 918 3421 armantur
946 3358 1022 3420 Pan.
1048 3357 1095 3417 12.
1128 3356 1188 3417 Cir.
1213 3356 1289 3419 Pan.
1314 3357 1363 3420 lt.
1386 3358 1435 3421 29.

181 3452 286 3536 (Verg.
310 3453 366 3517 Ov.
389 3457 461 3519 Hor.
483 3458 600 3542 Prop.).

264 3553 451 3638 Soffopiam,
483 3569 633 3640 praeeuute
660 3559 783 3633 Ovidio,
818 3559 895 3638 apud
923 3559 1052 3620 Plinium
1082 3556 1189 3618 dicitur
1210 3577 1263 3638 pro
1279 3558 1436 3641 perfupe’o.

181 3656 302 3718 Nullum
334 3658 365 3717 in
400 3659 534 3738 proximo
556 3658 722 3743 saffapr'am
755 3668 807 3722 001
839 3659 942 3720 imbris
976 3666 1028 3720 001
1060 3657 1133 3720 00110
1165 3657 1195 3732 9,
1217 3658 1268 3733 39,
1291 3661 1320 3720 2.
1347 3659 1435 3743 (Son.

180 3755 286 3827 Quint.
309 3756 410 3843 Tea).

267 3856 559 3940 Temperomentom,
582 3879 641 3921 vox
663 3879 754 3921 aurea
774 3867 865 3922 aetate
887 3859 1041 3921 rarissima
1063 3858 1142 3945 (010.
1160 3860 1251 3940 Legg.
1264 3861 1294 3934 3,
1312 3861 1361 3933 lo,
1376 3857 1435 3944 24)

179 3978 198 4021 0
224 3959 435 4039 scriptoribus,
464 3959 513 4039 qui
539 3968 608 4039 post
629 3960 800 4040 Augustum
830 3964 963 4032 luerunt,
996 3962 1187 4041 frequentata
1214 3969 1260 4022 est
1283 3980 1337 4041 pro
1360 3970 1434 4023 tem-

177 4058 341 4142 peratione.
385 4060 505 4121 Tenebo
533 4058 588 4121 hoo
615 4071 879 4144 temperamentum
903 4060 930 4134 l,
953 4054 983 4135 7,
1005 4063 1033 4123 3.
1078 4061 1143 4124 Hoc
1165 4071 1435 4144 temperamentum

179 4160 242 4241 ipse
264 4159 383 4221 servavi
405 4158 433 4234 6,
456 4157 505 4232 29,
527 4158 556 4220 6.
583 4161 657 4223 Ρο0.
680 4163 708 4224 3.
751 4160 897 4232 Quamvis
927 4161 975 4222 ille
1002 4161 1058 4224 hoo
1079 4170 1345 4246 temperamentum
1369 4182 1434 4224 ruo-

180 4261 283 4322 1100110
314 4279 376 4322 suae
407 4259 552 4321 indixerit
583 4262 612 4332 3,
637 4263 663 4336 l,
685 4261 713 4323 6.
746 4262 807 4325 Cir.
830 4265 859 4336 2,
884 4256 931 4336 17,
953 4261 981 4323 9.
1004 4263 1033 4337 3,
1055 4263 1105 4336 20,
1131 4265 1177 4324 12.
1210 4256 1432 4326 Ρο0.10.79.

179 4358 274 4442 (Ρ110.
297 4361 368 4439 maj.
391 4361 463 4422 Tac.
486 4361 567 4423 Just.
591 4359 681 4445 001).

264 4459 441 4544 Temperies.
484 4462 694 4524 Praeenntibus
721 4463 777 4526 Ov.
800 4472 830 4525 et
862 4465 949 4537 Hom,
982 4462 1066 4524 multi
1087 4462 1263 4544 scriptores,
1290 4451 1340 4545 qui
1363 4471 1432 4545 post

178 4561 350 4641 Augustum
378 4562 510 4635 luerunt,
538 4564 595 4626 hac
623 4581 694 4624 voce
722 4564 768 4624 usi
790 4573 860 4627 0001
881 4582 934 4645 pro
956 4564 1174 4646 temperatione.
1218 4564 1333 4644 Accipe
1355 4574 1430 4627 tem-

173 4663 291 4744 periem
313 4661 437 4736 000115,
459 4661 488 4736 6,
510 4664 539 4726 3.
573 4664 647 4725 Pan.
671 4660 700 4724 5.
726 4663 773 4724 10.
