<?xml version="1.0" encoding="UTF-8"?>
<!DOCTYPE html PUBLIC "-//W3C//DTD XHTML 1.0 Transitional//EN"
    "http://www.w3.org/TR/xhtml1/DTD/xhtml1-transitional.dtd">
<html xmlns="http://www.w3.org/1999/xhtml" xml:lang="en" lang="en">
 <head>
  <title>
</title>
<meta http-equiv="Content-Type" content="text/html;charset=utf-8" />
  <meta name='ocr-system' content='tesseract 3.04.00' />
  <meta name='ocr-capabilities' content='ocr_page ocr_carea ocr_par ocr_line ocrx_word'/>
</head>
<body>
  <div class='ocr_page' id='page_1' title='image "./devitaetelocuti00lagegoog_0110.png"; bbox 0 0 3226 5332; ppageno 0'>
   <div class='ocr_carea' id='block_1_1' title="bbox 328 440 1350 500">
    <p class='ocr_par' dir='ltr' id='par_1_1' title="bbox 328 440 1350 500">
     <span class='ocr_line' id='line_1_1' title="bbox 328 440 1350 500; baseline 0.004 -4"><span class='ocrx_word' id='word_1_1' title='bbox 328 441 368 496; x_wconf 91' lang='lat' dir='ltr'>De</span> <span class='ocrx_word' id='word_1_2' title='bbox 391 443 451 498; x_wconf 83' lang='lat' dir='ltr'>vita</span> <span class='ocrx_word' id='word_1_3' title='bbox 472 445 501 497; x_wconf 88' lang='lat' dir='ltr'>et</span> <span class='ocrx_word' id='word_1_4' title='bbox 523 441 678 497; x_wconf 87' lang='lat' dir='ltr'>elocutione</span> <span class='ocrx_word' id='word_1_5' title='bbox 700 440 729 496; x_wconf 85' lang='grc'>0.</span> <span class='ocrx_word' id='word_1_6' title='bbox 754 441 837 497; x_wconf 86' lang='lat' dir='ltr'>Plinii</span> <span class='ocrx_word' id='word_1_7' title='bbox 858 440 961 497; x_wconf 81' lang='lat' dir='ltr'>Caecilii</span> <span class='ocrx_word' id='word_1_8' title='bbox 982 443 1108 499; x_wconf 83' lang='lat' dir='ltr'>Secundi.</span> <span class='ocrx_word' id='word_1_9' title='bbox 1292 446 1350 500; x_wconf 86' lang='lat'>103</span> 
     </span>
    </p>
   </div>
   <div class='ocr_carea' id='block_1_2' title="bbox 99 608 1352 1000">
    <p class='ocr_par' dir='ltr' id='par_1_2' title="bbox 99 608 1352 888">
     <span class='ocr_line' id='line_1_2' title="bbox 101 608 1352 696; baseline 0.006 -28"><span class='ocrx_word' id='word_1_10' title='bbox 101 608 181 670; x_wconf 88' lang='lat' dir='ltr'>lacus</span> <span class='ocrx_word' id='word_1_11' title='bbox 204 609 400 688; x_wconf 79' lang='lat' dir='ltr'>Vadimonis,</span> <span class='ocrx_word' id='word_1_12' title='bbox 433 634 500 696; x_wconf 83' lang='lat' dir='ltr'>quae</span> <span class='ocrx_word' id='word_1_13' title='bbox 523 613 653 677; x_wconf 92' lang='lat' dir='ltr'>metallis</span> <span class='ocrx_word' id='word_1_14' title='bbox 675 614 799 688; x_wconf 89' lang='lat' dir='ltr'>solutis,</span> <span class='ocrx_word' id='word_1_15' title='bbox 827 615 905 676; x_wconf 87' lang='lat' dir='ltr'>unde</span> <span class='ocrx_word' id='word_1_16' title='bbox 927 634 1062 695; x_wconf 89' lang='lat' dir='ltr'>saporem</span> <span class='ocrx_word' id='word_1_17' title='bbox 1085 616 1225 688; x_wconf 86' lang='lat' dir='ltr'>duxerat,</span> <span class='ocrx_word' id='word_1_18' title='bbox 1257 614 1352 676; x_wconf 85' lang='lat' dir='ltr'>mixta</span> 
     </span>
     <span class='ocr_line' id='line_1_3' title="bbox 100 710 1351 798; baseline 0.007 -29"><span class='ocrx_word' id='word_1_19' title='bbox 100 711 135 770; x_wconf 90' lang='lat' dir='ltr'>ad</span> <span class='ocrx_word' id='word_1_20' title='bbox 168 710 279 772; x_wconf 83' lang='lat' dir='ltr'>morbis</span> <span class='ocrx_word' id='word_1_21' title='bbox 313 715 491 778; x_wconf 91' lang='lat' dir='ltr'>medendum</span> <span class='ocrx_word' id='word_1_22' title='bbox 520 724 592 796; x_wconf 91' lang='lat' dir='ltr'>apta</span> <span class='ocrx_word' id='word_1_23' title='bbox 613 715 787 795; x_wconf 89' lang='lat' dir='ltr'>putabatur.</span> <span class='ocrx_word' id='word_1_24' title='bbox 831 715 969 796; x_wconf 89' lang='lat' dir='ltr'>Sulpuris</span> <span class='ocrx_word' id='word_1_25' title='bbox 991 719 1064 779; x_wconf 91' lang='lat' dir='ltr'>odor</span> <span class='ocrx_word' id='word_1_26' title='bbox 1085 736 1233 798; x_wconf 91' lang='lat' dir='ltr'>saporque</span> <span class='ocrx_word' id='word_1_27' title='bbox 1256 715 1351 778; x_wconf 84' lang='lat' dir='ltr'>medi·</span> 
     </span>
     <span class='ocr_line' id='line_1_4' title="bbox 99 811 429 888; baseline 0.018 -17"><span class='ocrx_word' id='word_1_28' title='bbox 99 819 180 873; x_wconf 84' lang='lat' dir='ltr'>catos</span> <span class='ocrx_word' id='word_1_29' title='bbox 201 811 232 885; x_wconf 89' lang='lat'>8,</span> <span class='ocrx_word' id='word_1_30' title='bbox 254 814 305 888; x_wconf 86' lang='lat'>20,</span> <span class='ocrx_word' id='word_1_31' title='bbox 327 815 356 877; x_wconf 88' lang='lat'>4.</span> <span class='ocrx_word' id='word_1_32' title='bbox 423 831 429 846; x_wconf 73' lang='grc'><em>’</em></span> 
     </span>
    </p>

    <p class='ocr_par' dir='ltr' id='par_1_3' title="bbox 180 911 1351 1000">
     <span class='ocr_line' id='line_1_5' title="bbox 180 911 1351 1000; baseline 0.004 -27"><span class='ocrx_word' id='word_1_33' title='bbox 180 911 322 976; x_wconf 69' lang='lat' dir='ltr'>Perseus.</span> <span class='ocrx_word' id='word_1_34' title='bbox 366 916 510 978; x_wconf 80' lang='lat' dir='ltr'>Curtilius</span> <span class='ocrx_word' id='word_1_35' title='bbox 538 916 660 978; x_wconf 91' lang='lat' dir='ltr'>Mancia</span> <span class='ocrx_word' id='word_1_36' title='bbox 680 936 805 1000; x_wconf 81' lang='lat' dir='ltr'>perosus</span> <span class='ocrx_word' id='word_1_37' title='bbox 827 937 969 998; x_wconf 82' lang='lat' dir='ltr'>generum</span> <span class='ocrx_word' id='word_1_38' title='bbox 992 937 1078 980; x_wconf 90' lang='lat' dir='ltr'>suum</span> <span class='ocrx_word' id='word_1_39' title='bbox 1101 917 1265 982; x_wconf 87' lang='lat' dir='ltr'>Domitium</span> <span class='ocrx_word' id='word_1_40' title='bbox 1287 916 1351 978; x_wconf 91' lang='lat' dir='ltr'>Lu·</span> 
     </span>
    </p>
   </div>
   <div class='ocr_carea' id='block_1_3' title="bbox 91 1013 1351 1196">
    <p class='ocr_par' dir='ltr' id='par_1_4' title="bbox 91 1013 1351 1196">
     <span class='ocr_line' id='line_1_6' title="bbox 91 1013 1351 1174; baseline 0.002 -100"><span class='ocrx_word' id='word_1_41' title='bbox 91 1032 204 1174; x_wconf 73' lang='lat' dir='ltr'>Iepirum</span> <span class='ocrx_word' id='word_1_42' title='bbox 226 1013 256 1088; x_wconf 90' lang='lat'>8,</span> <span class='ocrx_word' id='word_1_43' title='bbox 281 1015 329 1090; x_wconf 87' lang='grc'>18,</span> <span class='ocrx_word' id='word_1_44' title='bbox 350 1017 380 1078; x_wconf 97' lang='lat'>4.</span> <span class='ocrx_word' id='word_1_45' title='bbox 410 1015 519 1102; x_wconf 83' lang='lat' dir='ltr'>(Verg.</span> <span class='ocrx_word' id='word_1_46' title='bbox 543 1013 599 1078; x_wconf 89' lang='lat' dir='ltr'>Ov.</span> <span class='ocrx_word' id='word_1_47' title='bbox 622 1017 690 1079; x_wconf 89' lang='lat' dir='ltr'>Liv.</span> <span class='ocrx_word' id='word_1_48' title='bbox 713 1028 793 1097; x_wconf 91' lang='lat' dir='ltr'>post.</span> <span class='ocrx_word' id='word_1_49' title='bbox 829 1019 892 1081; x_wconf 82' lang='lat' dir='ltr'>Ofr.</span> <span class='ocrx_word' id='word_1_50' title='bbox 913 1020 1008 1095; x_wconf 90' lang='lat' dir='ltr'>Neue,</span> <span class='ocrx_word' id='word_1_51' title='bbox 1032 1020 1084 1081; x_wconf 86' lang='grc'>11.</span> <span class='ocrx_word' id='word_1_52' title='bbox 1107 1019 1232 1082; x_wconf 81' lang='lat' dir='ltr'>Zweiter</span> <span class='ocrx_word' id='word_1_53' title='bbox 1253 1017 1351 1092; x_wconf 86' lang='lat' dir='ltr'>Theil,</span> 
     </span>
     <span class='ocr_line' id='line_1_7' title="bbox 120 1113 276 1196; baseline 0.032 -22"><span class='ocrx_word' id='word_1_54' title='bbox 120 1133 168 1193; x_wconf 83' lang='lat' dir='ltr'>ag.</span> <span class='ocrx_word' id='word_1_55' title='bbox 190 1113 276 1196; x_wconf 83' lang='lat'>259).</span> 
     </span>
    </p>
   </div>
   <div class='ocr_carea' id='block_1_4' title="bbox 178 1212 1351 1304">
    <p class='ocr_par' dir='ltr' id='par_1_5' title="bbox 178 1212 1351 1304">
     <span class='ocr_line' id='line_1_8' title="bbox 178 1212 1351 1304; baseline 0.003 -28"><span class='ocrx_word' id='word_1_56' title='bbox 178 1212 387 1302; x_wconf 83' lang='lat' dir='ltr'>Proefloratua.</span> <span class='ocrx_word' id='word_1_57' title='bbox 420 1218 493 1278; x_wconf 85' lang='lat' dir='ltr'>Haec</span> <span class='ocrx_word' id='word_1_58' title='bbox 517 1237 575 1280; x_wconf 89' lang='lat' dir='ltr'>vox</span> <span class='ocrx_word' id='word_1_59' title='bbox 597 1218 747 1280; x_wconf 87' lang='lat' dir='ltr'>rarissima</span> <span class='ocrx_word' id='word_1_60' title='bbox 765 1219 844 1299; x_wconf 88' lang='lat' dir='ltr'>apud</span> <span class='ocrx_word' id='word_1_61' title='bbox 865 1219 931 1281; x_wconf 88' lang='lat' dir='ltr'>Liv.</span> <span class='ocrx_word' id='word_1_62' title='bbox 951 1213 1015 1304; x_wconf 97' lang='grc'>(37,</span> <span class='ocrx_word' id='word_1_63' title='bbox 1030 1218 1080 1292; x_wconf 96' lang='grc'>58,</span> <span class='ocrx_word' id='word_1_64' title='bbox 1095 1213 1130 1303; x_wconf 94' lang='grc'>7)</span> <span class='ocrx_word' id='word_1_65' title='bbox 1146 1219 1223 1283; x_wconf 86' lang='lat' dir='ltr'>Gell.</span> <span class='ocrx_word' id='word_1_66' title='bbox 1237 1218 1351 1299; x_wconf 82' lang='lat' dir='ltr'>Appul.</span> 
     </span>
    </p>
   </div>
   <div class='ocr_carea' id='block_1_5' title="bbox 75 1315 1350 3419">
    <p class='ocr_par' dir='ltr' id='par_1_6' title="bbox 75 1315 1350 1603">
     <span class='ocr_line' id='line_1_9' title="bbox 88 1315 1350 1402; baseline 0.006 -28"><span class='ocrx_word' id='word_1_67' title='bbox 88 1315 205 1395; x_wconf 87' lang='lat' dir='ltr'>legitur</span> <span class='ocrx_word' id='word_1_68' title='bbox 233 1319 295 1379; x_wconf 89' lang='lat' dir='ltr'>fere</span> <span class='ocrx_word' id='word_1_69' title='bbox 324 1337 377 1398; x_wconf 92' lang='lat' dir='ltr'>pro</span> <span class='ocrx_word' id='word_1_70' title='bbox 399 1317 535 1381; x_wconf 85' lang='lat' dir='ltr'>delibato.</span> <span class='ocrx_word' id='word_1_71' title='bbox 579 1320 647 1382; x_wconf 92' lang='lat' dir='ltr'>Non</span> <span class='ocrx_word' id='word_1_72' title='bbox 677 1320 801 1382; x_wconf 85' lang='lat' dir='ltr'>ambitio</span> <span class='ocrx_word' id='word_1_73' title='bbox 827 1320 920 1400; x_wconf 83' lang='lat' dir='ltr'>magis</span> <span class='ocrx_word' id='word_1_74' title='bbox 948 1341 1035 1402; x_wconf 90' lang='lat' dir='ltr'>quam</span> <span class='ocrx_word' id='word_1_75' title='bbox 1064 1321 1140 1383; x_wconf 92' lang='lat' dir='ltr'>livor</span> <span class='ocrx_word' id='word_1_76' title='bbox 1161 1329 1192 1382; x_wconf 89' lang='lat' dir='ltr'>et</span> <span class='ocrx_word' id='word_1_77' title='bbox 1213 1321 1350 1400; x_wconf 83' lang='lat' dir='ltr'>maligni·</span> 
     </span>
     <span class='ocr_line' id='line_1_10' title="bbox 84 1407 1349 1502; baseline 0.005 -26"><span class='ocrx_word' id='word_1_78' title='bbox 84 1425 143 1478; x_wconf 88' lang='lat' dir='ltr'>tas</span> <span class='ocrx_word' id='word_1_79' title='bbox 177 1417 270 1479; x_wconf 87' lang='lat' dir='ltr'>videri</span> <span class='ocrx_word' id='word_1_80' title='bbox 305 1429 406 1499; x_wconf 87' lang='lat' dir='ltr'>potest</span> <span class='ocrx_word' id='word_1_81' title='bbox 437 1439 584 1481; x_wconf 90' lang='lat' dir='ltr'>summum</span> <span class='ocrx_word' id='word_1_82' title='bbox 612 1421 685 1482; x_wconf 92' lang='lat' dir='ltr'>illud</span> <span class='ocrx_word' id='word_1_83' title='bbox 712 1440 848 1500; x_wconf 77' lang='lat' dir='ltr'>purpura</span> <span class='ocrx_word' id='word_1_84' title='bbox 870 1421 960 1484; x_wconf 89' lang='lat' dir='ltr'>decus</span> <span class='ocrx_word' id='word_1_85' title='bbox 983 1440 1039 1483; x_wconf 91' lang='lat' dir='ltr'>uon</span> <span class='ocrx_word' id='word_1_86' title='bbox 1063 1407 1132 1483; x_wconf 84' lang='lat' dir='ltr'>nisi</span> <span class='ocrx_word' id='word_1_87' title='bbox 1151 1431 1349 1502; x_wconf 88' lang='lat' dir='ltr'>praecerptum</span> 
     </span>
     <span class='ocr_line' id='line_1_11' title="bbox 75 1513 950 1603; baseline 0.009 -26"><span class='ocrx_word' id='word_1_88' title='bbox 75 1513 359 1603; x_wconf 68' lang='lat' dir='ltr'>praestantemque</span> <span class='ocrx_word' id='word_1_89' title='bbox 379 1520 583 1583; x_wconf 83' lang='lat' dir='ltr'>transmittere</span> <span class='ocrx_word' id='word_1_90' title='bbox 605 1522 682 1583; x_wconf 90' lang='lat' dir='ltr'>Pan.</span> <span class='ocrx_word' id='word_1_91' title='bbox 705 1521 755 1584; x_wconf 85' lang='lat'>58.</span> <span class='ocrx_word' id='word_1_92' title='bbox 948 1585 950 1596; x_wconf 48' lang='lat'>,</span> 
     </span>
    </p>

    <p class='ocr_par' dir='ltr' id='par_1_7' title="bbox 82 1616 1350 2008">
     <span class='ocr_line' id='line_1_12' title="bbox 177 1616 1350 1702; baseline 0.003 -22"><span class='ocrx_word' id='word_1_93' title='bbox 177 1616 356 1682; x_wconf 82' lang='lat' dir='ltr'>Pumicatas</span> <span class='ocrx_word' id='word_1_94' title='bbox 388 1621 504 1702; x_wconf 89' lang='lat' dir='ltr'>proprie</span> <span class='ocrx_word' id='word_1_95' title='bbox 538 1622 646 1684; x_wconf 91' lang='lat' dir='ltr'>dicitur</span> <span class='ocrx_word' id='word_1_96' title='bbox 677 1623 715 1698; x_wconf 92' lang='lat' dir='ltr'>is,</span> <span class='ocrx_word' id='word_1_97' title='bbox 749 1621 832 1701; x_wconf 86' lang='lat' dir='ltr'>cujus</span> <span class='ocrx_word' id='word_1_98' title='bbox 860 1623 936 1685; x_wconf 89' lang='lat' dir='ltr'>cutis</span> <span class='ocrx_word' id='word_1_99' title='bbox 959 1623 1074 1702; x_wconf 88' lang='lat' dir='ltr'>pumice</span> <span class='ocrx_word' id='word_1_100' title='bbox 1098 1622 1228 1702; x_wconf 84' lang='lat' dir='ltr'>levigata</span> <span class='ocrx_word' id='word_1_101' title='bbox 1250 1633 1297 1684; x_wconf 89' lang='lat' dir='ltr'>est</span> <span class='ocrx_word' id='word_1_102' title='bbox 1319 1632 1350 1685; x_wconf 88' lang='lat' dir='ltr'>et</span> 
     </span>
     <span class='ocr_line' id='line_1_13' title="bbox 82 1707 1350 1808; baseline 0.002 -26"><span class='ocrx_word' id='word_1_103' title='bbox 82 1721 257 1800; x_wconf 84' lang='lat' dir='ltr'>perpolita,</span> <span class='ocrx_word' id='word_1_104' title='bbox 291 1722 395 1783; x_wconf 89' lang='lat' dir='ltr'>deinde</span> <span class='ocrx_word' id='word_1_105' title='bbox 427 1722 549 1802; x_wconf 90' lang='lat' dir='ltr'>ponitur</span> <span class='ocrx_word' id='word_1_106' title='bbox 581 1724 639 1784; x_wconf 86' lang='lat' dir='ltr'>iere</span> <span class='ocrx_word' id='word_1_107' title='bbox 665 1742 716 1803; x_wconf 94' lang='lat' dir='ltr'>pro</span> <span class='ocrx_word' id='word_1_108' title='bbox 744 1721 842 1797; x_wconf 73' lang='lat' dir='ltr'>anelli,</span> <span class='ocrx_word' id='word_1_109' title='bbox 874 1707 1058 1808; x_wconf 74' lang='lat' dir='ltr'>effeminate.</span> <span class='ocrx_word' id='word_1_110' title='bbox 1102 1723 1222 1785; x_wconf 87' lang='lat' dir='ltr'>Titulus</span> <span class='ocrx_word' id='word_1_111' title='bbox 1244 1744 1262 1785; x_wconf 88' lang='lat' dir='ltr'>a</span> <span class='ocrx_word' id='word_1_112' title='bbox 1286 1724 1350 1785; x_wconf 90' lang='lat' dir='ltr'>vita</span> 
     </span>
     <span class='ocr_line' id='line_1_14' title="bbox 84 1821 1347 1907; baseline 0.004 -26"><span class='ocrx_word' id='word_1_113' title='bbox 84 1821 223 1882; x_wconf 85' lang='lat' dir='ltr'>hominis</span> <span class='ocrx_word' id='word_1_114' title='bbox 252 1824 363 1903; x_wconf 86' lang='lat' dir='ltr'>compti</span> <span class='ocrx_word' id='word_1_115' title='bbox 391 1843 510 1902; x_wconf 89' lang='lat' dir='ltr'>semper</span> <span class='ocrx_word' id='word_1_116' title='bbox 531 1832 562 1885; x_wconf 95' lang='lat' dir='ltr'>et</span> <span class='ocrx_word' id='word_1_117' title='bbox 579 1824 728 1906; x_wconf 80' lang='lat' dir='ltr'>pumicati</span> <span class='ocrx_word' id='word_1_118' title='bbox 751 1843 808 1886; x_wconf 92' lang='lat' dir='ltr'>nou</span> <span class='ocrx_word' id='word_1_119' title='bbox 833 1825 1015 1886; x_wconf 83' lang='lat' dir='ltr'>abhorrebat</span> <span class='ocrx_word' id='word_1_120' title='bbox 1036 1825 1069 1897; x_wconf 89' lang='grc'>2,</span> <span class='ocrx_word' id='word_1_121' title='bbox 1092 1825 1139 1898; x_wconf 91' lang='lat' dir='ltr'>ll,</span> <span class='ocrx_word' id='word_1_122' title='bbox 1161 1825 1211 1886; x_wconf 86' lang='lat'>23.</span> <span class='ocrx_word' id='word_1_123' title='bbox 1238 1821 1347 1907; x_wconf 84' lang='lat' dir='ltr'>(Mart.</span> 
     </span>
     <span class='ocr_line' id='line_1_15' title="bbox 82 1921 1045 2008; baseline 0.003 -26"><span class='ocrx_word' id='word_1_124' title='bbox 82 1921 188 1984; x_wconf 86' lang='lat' dir='ltr'>Lucil.</span> <span class='ocrx_word' id='word_1_125' title='bbox 213 1943 261 2001; x_wconf 92' lang='lat' dir='ltr'>ap.</span> <span class='ocrx_word' id='word_1_126' title='bbox 285 1925 364 1986; x_wconf 92' lang='lat' dir='ltr'>Non.</span> <span class='ocrx_word' id='word_1_127' title='bbox 388 1933 419 1984; x_wconf 90' lang='lat' dir='ltr'>et</span> <span class='ocrx_word' id='word_1_128' title='bbox 440 1924 549 1986; x_wconf 83' lang='lat' dir='ltr'>Catull.</span> <span class='ocrx_word' id='word_1_129' title='bbox 573 1926 664 1986; x_wconf 91' lang='lat' dir='ltr'>verbo</span> <span class='ocrx_word' id='word_1_130' title='bbox 687 1925 858 2006; x_wconf 89' lang='lat' dir='ltr'>pumicaudi</span> <span class='ocrx_word' id='word_1_131' title='bbox 880 1927 926 1987; x_wconf 90' lang='lat' dir='ltr'>usi</span> <span class='ocrx_word' id='word_1_132' title='bbox 949 1923 1045 2008; x_wconf 90' lang='lat' dir='ltr'>suut).</span> 
     </span>
    </p>

    <p class='ocr_par' dir='ltr' id='par_1_8' title="bbox 84 2019 1347 2613">
     <span class='ocr_line' id='line_1_16' title="bbox 177 2019 1347 2107; baseline 0.001 -23"><span class='ocrx_word' id='word_1_133' title='bbox 177 2019 323 2086; x_wconf 78' lang='lat' dir='ltr'>Seductus</span> <span class='ocrx_word' id='word_1_134' title='bbox 356 2025 435 2103; x_wconf 90' lang='lat' dir='ltr'>apud</span> <span class='ocrx_word' id='word_1_135' title='bbox 469 2025 597 2087; x_wconf 87' lang='lat' dir='ltr'>Plinium</span> <span class='ocrx_word' id='word_1_136' title='bbox 631 2025 748 2099; x_wconf 89' lang='lat' dir='ltr'>dicitur,</span> <span class='ocrx_word' id='word_1_137' title='bbox 771 2027 820 2107; x_wconf 91' lang='lat' dir='ltr'>qui</span> <span class='ocrx_word' id='word_1_138' title='bbox 844 2027 903 2088; x_wconf 88' lang='lat' dir='ltr'>ruri</span> <span class='ocrx_word' id='word_1_139' title='bbox 926 2027 954 2087; x_wconf 91' lang='lat' dir='ltr'>in</span> <span class='ocrx_word' id='word_1_140' title='bbox 978 2026 1038 2087; x_wconf 91' lang='lat' dir='ltr'>otio</span> <span class='ocrx_word' id='word_1_141' title='bbox 1062 2025 1155 2087; x_wconf 91' lang='lat' dir='ltr'>vitam</span> <span class='ocrx_word' id='word_1_142' title='bbox 1178 2024 1276 2102; x_wconf 86' lang='lat' dir='ltr'>degit,</span> <span class='ocrx_word' id='word_1_143' title='bbox 1308 2025 1347 2086; x_wconf 91' lang='lat' dir='ltr'>ad</span> 
     </span>
     <span class='ocr_line' id='line_1_17' title="bbox 85 2123 1347 2209; baseline 0.001 -25"><span class='ocrx_word' id='word_1_144' title='bbox 85 2143 181 2203; x_wconf 84' lang='lat' dir='ltr'>quam</span> <span class='ocrx_word' id='word_1_145' title='bbox 206 2124 384 2187; x_wconf 88' lang='lat' dir='ltr'>locutionem</span> <span class='ocrx_word' id='word_1_146' title='bbox 408 2132 502 2206; x_wconf 74' lang='lat' dir='ltr'>polita</span> <span class='ocrx_word' id='word_1_147' title='bbox 525 2125 623 2207; x_wconf 89' lang='lat' dir='ltr'>(velut</span> <span class='ocrx_word' id='word_1_148' title='bbox 643 2126 699 2189; x_wconf 92' lang='lat' dir='ltr'>Ov.</span> <span class='ocrx_word' id='word_1_149' title='bbox 723 2127 796 2189; x_wconf 88' lang='lat' dir='ltr'>Met.</span> <span class='ocrx_word' id='word_1_150' title='bbox 820 2126 850 2198; x_wconf 88' lang='lat'>4,</span> <span class='ocrx_word' id='word_1_151' title='bbox 872 2123 950 2209; x_wconf 84' lang='lat'>623)</span> <span class='ocrx_word' id='word_1_152' title='bbox 972 2127 1132 2188; x_wconf 83' lang='lat' dir='ltr'>transitum</span> <span class='ocrx_word' id='word_1_153' title='bbox 1156 2133 1347 2206; x_wconf 88' lang='lat' dir='ltr'>paraverant,</span> 
     </span>
     <span class='ocr_line' id='line_1_18' title="bbox 84 2225 1347 2308; baseline 0.001 -22"><span class='ocrx_word' id='word_1_154' title='bbox 84 2245 158 2286; x_wconf 87' lang='lat' dir='ltr'>curn</span> <span class='ocrx_word' id='word_1_155' title='bbox 188 2225 223 2285; x_wconf 90' lang='lat' dir='ltr'>de</span> <span class='ocrx_word' id='word_1_156' title='bbox 252 2225 325 2286; x_wconf 90' lang='lat' dir='ltr'>locis</span> <span class='ocrx_word' id='word_1_157' title='bbox 354 2227 474 2288; x_wconf 87' lang='lat' dir='ltr'>remotis</span> <span class='ocrx_word' id='word_1_158' title='bbox 503 2246 644 2306; x_wconf 90' lang='lat' dir='ltr'>usurpare</span> <span class='ocrx_word' id='word_1_159' title='bbox 668 2228 844 2308; x_wconf 88' lang='lat' dir='ltr'>coepissent.</span> <span class='ocrx_word' id='word_1_160' title='bbox 886 2227 950 2288; x_wconf 91' lang='lat' dir='ltr'>Illis</span> <span class='ocrx_word' id='word_1_161' title='bbox 973 2247 1045 2308; x_wconf 89' lang='lat' dir='ltr'>quos</span> <span class='ocrx_word' id='word_1_162' title='bbox 1067 2227 1255 2289; x_wconf 90' lang='lat' dir='ltr'>doctissimos</span> <span class='ocrx_word' id='word_1_163' title='bbox 1279 2227 1347 2287; x_wconf 89' lang='lat' dir='ltr'>novi</span> 
     </span>
     <span class='ocr_line' id='line_1_19' title="bbox 87 2326 1346 2409; baseline 0.002 -23"><span class='ocrx_word' id='word_1_164' title='bbox 87 2345 151 2387; x_wconf 87' lang='lat' dir='ltr'>nou</span> <span class='ocrx_word' id='word_1_165' title='bbox 188 2327 285 2387; x_wconf 90' lang='lat' dir='ltr'>minus</span> <span class='ocrx_word' id='word_1_166' title='bbox 318 2327 372 2387; x_wconf 93' lang='lat' dir='ltr'>hos</span> <span class='ocrx_word' id='word_1_167' title='bbox 404 2327 538 2390; x_wconf 83' lang='lat' dir='ltr'>seductos</span> <span class='ocrx_word' id='word_1_168' title='bbox 565 2339 596 2389; x_wconf 92' lang='lat' dir='ltr'>et</span> <span class='ocrx_word' id='word_1_169' title='bbox 623 2328 708 2409; x_wconf 89' lang='lat' dir='ltr'>quasi</span> <span class='ocrx_word' id='word_1_170' title='bbox 733 2329 861 2390; x_wconf 89' lang='lat' dir='ltr'>rusticos</span> <span class='ocrx_word' id='word_1_171' title='bbox 890 2348 993 2389; x_wconf 90' lang='lat' dir='ltr'>verear</span> <span class='ocrx_word' id='word_1_172' title='bbox 1015 2326 1045 2402; x_wconf 85' lang='lat'>7,</span> <span class='ocrx_word' id='word_1_173' title='bbox 1066 2327 1116 2397; x_wconf 89' lang='grc'>25,</span> <span class='ocrx_word' id='word_1_174' title='bbox 1138 2327 1166 2389; x_wconf 89' lang='grc'>5.</span> <span class='ocrx_word' id='word_1_175' title='bbox 1209 2327 1346 2390; x_wconf 86' lang='lat' dir='ltr'>Eandem</span> 
     </span>
     <span class='ocr_line' id='line_1_20' title="bbox 85 2425 1347 2513; baseline 0.003 -27"><span class='ocrx_word' id='word_1_176' title='bbox 85 2429 152 2487; x_wconf 82' lang='lat' dir='ltr'>fere</span> <span class='ocrx_word' id='word_1_177' title='bbox 186 2428 246 2488; x_wconf 91' lang='lat' dir='ltr'>vim</span> <span class='ocrx_word' id='word_1_178' title='bbox 273 2427 367 2490; x_wconf 90' lang='lat' dir='ltr'>habet</span> <span class='ocrx_word' id='word_1_179' title='bbox 389 2427 544 2511; x_wconf 80' lang='lat' dir='ltr'>sepositus.</span> <span class='ocrx_word' id='word_1_180' title='bbox 589 2425 734 2513; x_wconf 79' lang='lat' dir='ltr'>Sepositis</span> <span class='ocrx_word' id='word_1_181' title='bbox 762 2439 793 2491; x_wconf 89' lang='lat' dir='ltr'>et</span> <span class='ocrx_word' id='word_1_182' title='bbox 821 2429 996 2492; x_wconf 87' lang='lat' dir='ltr'>absentibus</span> <span class='ocrx_word' id='word_1_183' title='bbox 1018 2429 1048 2491; x_wconf 89' lang='lat' dir='ltr'>in</span> <span class='ocrx_word' id='word_1_184' title='bbox 1071 2449 1141 2490; x_wconf 91' lang='lat' dir='ltr'>rura</span> <span class='ocrx_word' id='word_1_185' title='bbox 1162 2449 1216 2491; x_wconf 91' lang='lat' dir='ltr'>sua</span> <span class='ocrx_word' id='word_1_186' title='bbox 1239 2447 1347 2490; x_wconf 90' lang='lat' dir='ltr'>cousu-</span> 
     </span>
     <span class='ocr_line' id='line_1_21' title="bbox 85 2522 1200 2613; baseline 0.004 -25"><span class='ocrx_word' id='word_1_187' title='bbox 85 2528 168 2589; x_wconf 88' lang='lat' dir='ltr'>latus</span> <span class='ocrx_word' id='word_1_188' title='bbox 192 2529 366 2590; x_wconf 88' lang='lat' dir='ltr'>ferebantur</span> <span class='ocrx_word' id='word_1_189' title='bbox 386 2531 464 2591; x_wconf 86' lang='lat' dir='ltr'>Pau.</span> <span class='ocrx_word' id='word_1_190' title='bbox 488 2522 538 2591; x_wconf 83' lang='lat'>57.</span> <span class='ocrx_word' id='word_1_191' title='bbox 561 2528 668 2612; x_wconf 87' lang='lat' dir='ltr'>(Prop.</span> <span class='ocrx_word' id='word_1_192' title='bbox 696 2531 722 2602; x_wconf 97' lang='lat' dir='ltr'>l,</span> <span class='ocrx_word' id='word_1_193' title='bbox 744 2531 795 2602; x_wconf 89' lang='grc'>20,</span> <span class='ocrx_word' id='word_1_194' title='bbox 817 2531 866 2592; x_wconf 90' lang='grc'>24.</span> <span class='ocrx_word' id='word_1_195' title='bbox 890 2529 1042 2610; x_wconf 88' lang='lat' dir='ltr'>&#39;’Sepositi</span> <span class='ocrx_word' id='word_1_196' title='bbox 1066 2529 1200 2613; x_wconf 83' lang='lat' dir='ltr'>loutis&#39;&#39;).</span> 
     </span>
    </p>

    <p class='ocr_par' dir='ltr' id='par_1_9' title="bbox 87 2625 1346 3016">
     <span class='ocr_line' id='line_1_22' title="bbox 172 2625 1346 2714; baseline 0.003 -25"><span class='ocrx_word' id='word_1_197' title='bbox 172 2625 306 2711; x_wconf 79' lang='lat' dir='ltr'>Sequens</span> <span class='ocrx_word' id='word_1_198' title='bbox 339 2630 374 2689; x_wconf 91' lang='lat' dir='ltr'>de</span> <span class='ocrx_word' id='word_1_199' title='bbox 408 2640 538 2709; x_wconf 89' lang='lat' dir='ltr'>tempore</span> <span class='ocrx_word' id='word_1_200' title='bbox 571 2630 691 2710; x_wconf 88' lang='lat' dir='ltr'>ponitur</span> <span class='ocrx_word' id='word_1_201' title='bbox 724 2651 775 2710; x_wconf 90' lang='lat' dir='ltr'>pro</span> <span class='ocrx_word' id='word_1_202' title='bbox 804 2632 988 2714; x_wconf 80' lang='lat' dir='ltr'>insequente,</span> <span class='ocrx_word' id='word_1_203' title='bbox 1021 2631 1099 2712; x_wconf 93' lang='lat' dir='ltr'>quod</span> <span class='ocrx_word' id='word_1_204' title='bbox 1128 2631 1269 2693; x_wconf 88' lang='lat' dir='ltr'>usitatius</span> <span class='ocrx_word' id='word_1_205' title='bbox 1291 2638 1346 2692; x_wconf 91' lang='lat' dir='ltr'>est.</span> 
     </span>
     <span class='ocr_line' id='line_1_23' title="bbox 87 2727 1345 2814; baseline 0.003 -24"><span class='ocrx_word' id='word_1_206' title='bbox 87 2727 231 2811; x_wconf 82' lang='lat' dir='ltr'>Sequenti</span> <span class='ocrx_word' id='word_1_207' title='bbox 263 2729 309 2790; x_wconf 89' lang='lat' dir='ltr'>die</span> <span class='ocrx_word' id='word_1_208' title='bbox 344 2730 446 2792; x_wconf 86' lang='lat' dir='ltr'>audita</span> <span class='ocrx_word' id='word_1_209' title='bbox 478 2739 525 2789; x_wconf 91' lang='lat' dir='ltr'>est</span> <span class='ocrx_word' id='word_1_210' title='bbox 552 2730 668 2792; x_wconf 84' lang='lat' dir='ltr'>Gallita</span> <span class='ocrx_word' id='word_1_211' title='bbox 690 2732 827 2794; x_wconf 89' lang='lat' dir='ltr'>adulterii</span> <span class='ocrx_word' id='word_1_212' title='bbox 851 2751 901 2793; x_wconf 90' lang='lat' dir='ltr'>rea</span> <span class='ocrx_word' id='word_1_213' title='bbox 923 2730 952 2806; x_wconf 91' lang='lat'>6,</span> <span class='ocrx_word' id='word_1_214' title='bbox 976 2733 1024 2804; x_wconf 88' lang='lat'>31,</span> <span class='ocrx_word' id='word_1_215' title='bbox 1047 2732 1076 2794; x_wconf 92' lang='lat'>4.</span> <span class='ocrx_word' id='word_1_216' title='bbox 1099 2730 1128 2804; x_wconf 92' lang='grc'>5,</span> <span class='ocrx_word' id='word_1_217' title='bbox 1153 2731 1188 2792; x_wconf 89' lang='grc'>11</span> <span class='ocrx_word' id='word_1_218' title='bbox 1212 2729 1294 2814; x_wconf 89' lang='grc'>(12),</span> <span class='ocrx_word' id='word_1_219' title='bbox 1320 2732 1345 2794; x_wconf 91' lang='lat' dir='ltr'>l.</span> 
     </span>
     <span class='ocr_line' id='line_1_24' title="bbox 90 2827 1343 2916; baseline 0.002 -25"><span class='ocrx_word' id='word_1_220' title='bbox 90 2827 224 2914; x_wconf 83' lang='lat' dir='ltr'>Sequens</span> <span class='ocrx_word' id='word_1_221' title='bbox 252 2830 363 2892; x_wconf 88' lang='lat' dir='ltr'>mensis</span> <span class='ocrx_word' id='word_1_222' title='bbox 391 2832 558 2910; x_wconf 91' lang='lat' dir='ltr'>complures</span> <span class='ocrx_word' id='word_1_223' title='bbox 587 2833 649 2892; x_wconf 89' lang='lat' dir='ltr'>dies</span> <span class='ocrx_word' id='word_1_224' title='bbox 674 2833 795 2894; x_wconf 82' lang='lat' dir='ltr'>feriatos</span> <span class='ocrx_word' id='word_1_225' title='bbox 818 2833 909 2894; x_wconf 88' lang='lat' dir='ltr'>habet</span> <span class='ocrx_word' id='word_1_226' title='bbox 932 2832 980 2905; x_wconf 93' lang='grc'>10,</span> <span class='ocrx_word' id='word_1_227' title='bbox 1001 2831 1021 2892; x_wconf 94' lang='grc'>8</span> <span class='ocrx_word' id='word_1_228' title='bbox 1043 2828 1127 2915; x_wconf 88' lang='grc'>(24),</span> <span class='ocrx_word' id='word_1_229' title='bbox 1149 2832 1177 2893; x_wconf 89' lang='lat'>3.</span> <span class='ocrx_word' id='word_1_230' title='bbox 1207 2832 1283 2916; x_wconf 83' lang='lat' dir='ltr'>(cfr.</span> <span class='ocrx_word' id='word_1_231' title='bbox 1306 2833 1343 2895; x_wconf 90' lang='lat' dir='ltr'>de</span> 
     </span>
     <span class='ocr_line' id='line_1_25' title="bbox 89 2927 1195 3016; baseline 0.004 -26"><span class='ocrx_word' id='word_1_232' title='bbox 89 2930 143 2993; x_wconf 92' lang='lat' dir='ltr'>hoc</span> <span class='ocrx_word' id='word_1_233' title='bbox 167 2931 247 2992; x_wconf 92' lang='lat' dir='ltr'>vocis</span> <span class='ocrx_word' id='word_1_234' title='bbox 271 2952 325 2992; x_wconf 91' lang='lat' dir='ltr'>usu</span> <span class='ocrx_word' id='word_1_235' title='bbox 347 2932 457 3003; x_wconf 90' lang='lat' dir='ltr'>Krebs‚</span> <span class='ocrx_word' id='word_1_236' title='bbox 481 2933 498 2993; x_wconf 92' lang='lat' dir='ltr'>l.</span> <span class='ocrx_word' id='word_1_237' title='bbox 516 2932 534 2993; x_wconf 92' lang='lat' dir='ltr'>l.</span> <span class='ocrx_word' id='word_1_238' title='bbox 556 2953 580 2994; x_wconf 92' lang='grc'>9.</span> <span class='ocrx_word' id='word_1_239' title='bbox 596 2953 623 2994; x_wconf 91' lang='lat' dir='ltr'>v.</span> <span class='ocrx_word' id='word_1_240' title='bbox 648 2942 677 2993; x_wconf 89' lang='lat' dir='ltr'>et</span> <span class='ocrx_word' id='word_1_241' title='bbox 699 2933 837 3014; x_wconf 86' lang='lat' dir='ltr'>Seyffert,</span> <span class='ocrx_word' id='word_1_242' title='bbox 859 2933 924 2995; x_wconf 90' lang='lat' dir='ltr'>Pal.</span> <span class='ocrx_word' id='word_1_243' title='bbox 949 2932 1010 2995; x_wconf 79' lang='lat' dir='ltr'>cic.</span> <span class='ocrx_word' id='word_1_244' title='bbox 1033 2934 1106 3012; x_wconf 85' lang='lat' dir='ltr'>Pag.</span> <span class='ocrx_word' id='word_1_245' title='bbox 1130 2927 1195 3016; x_wconf 88' lang='grc'>37).</span> 
     </span>
    </p>

    <p class='ocr_par' dir='ltr' id='par_1_10' title="bbox 88 3029 1342 3419">
     <span class='ocr_line' id='line_1_26' title="bbox 171 3029 1342 3112; baseline 0.003 -20"><span class='ocrx_word' id='word_1_246' title='bbox 171 3029 283 3093; x_wconf 82' lang='lat' dir='ltr'>Solitas</span> <span class='ocrx_word' id='word_1_247' title='bbox 305 3050 357 3111; x_wconf 92' lang='lat' dir='ltr'>pro</span> <span class='ocrx_word' id='word_1_248' title='bbox 378 3042 526 3105; x_wconf 83' lang='lat' dir='ltr'>consueto,</span> <span class='ocrx_word' id='word_1_249' title='bbox 549 3033 657 3094; x_wconf 82' lang='lat' dir='ltr'>usitato</span> <span class='ocrx_word' id='word_1_250' title='bbox 680 3033 797 3095; x_wconf 90' lang='lat' dir='ltr'>dicitur.</span> <span class='ocrx_word' id='word_1_251' title='bbox 841 3033 971 3096; x_wconf 86' lang='lat' dir='ltr'>Constat</span> <span class='ocrx_word' id='word_1_252' title='bbox 990 3033 1114 3095; x_wconf 89' lang='lat' dir='ltr'>redditis</span> <span class='ocrx_word' id='word_1_253' title='bbox 1131 3033 1245 3095; x_wconf 89' lang='lat' dir='ltr'>viribus</span> <span class='ocrx_word' id='word_1_254' title='bbox 1262 3033 1342 3112; x_wconf 92' lang='lat' dir='ltr'>prio·</span> 
     </span>
     <span class='ocr_line' id='line_1_27' title="bbox 88 3131 1342 3214; baseline 0.004 -22"><span class='ocrx_word' id='word_1_255' title='bbox 88 3152 148 3192; x_wconf 89' lang='lat' dir='ltr'>rem</span> <span class='ocrx_word' id='word_1_256' title='bbox 182 3132 334 3194; x_wconf 89' lang='lat' dir='ltr'>lasciviam</span> <span class='ocrx_word' id='word_1_257' title='bbox 367 3141 397 3194; x_wconf 93' lang='lat' dir='ltr'>et</span> <span class='ocrx_word' id='word_1_258' title='bbox 429 3131 516 3195; x_wconf 82' lang='lat' dir='ltr'>solita</span> <span class='ocrx_word' id='word_1_259' title='bbox 548 3134 715 3195; x_wconf 89' lang='lat' dir='ltr'>ministeria</span> <span class='ocrx_word' id='word_1_260' title='bbox 748 3133 886 3214; x_wconf 88' lang='lat' dir='ltr'>repetisse</span> <span class='ocrx_word' id='word_1_261' title='bbox 913 3132 942 3207; x_wconf 87' lang='grc'>9,</span> <span class='ocrx_word' id='word_1_262' title='bbox 965 3134 1016 3208; x_wconf 90' lang='grc'>33,</span> <span class='ocrx_word' id='word_1_263' title='bbox 1038 3133 1067 3196; x_wconf 89' lang='grc'>9.</span> <span class='ocrx_word' id='word_1_264' title='bbox 1111 3134 1234 3195; x_wconf 88' lang='lat' dir='ltr'>Tremor</span> <span class='ocrx_word' id='word_1_265' title='bbox 1255 3144 1342 3198; x_wconf 77' lang='lat' dir='ltr'>terrea</span> 
     </span>
     <span class='ocr_line' id='line_1_28' title="bbox 88 3230 1341 3313; baseline 0.004 -19"><span class='ocrx_word' id='word_1_266' title='bbox 88 3232 262 3313; x_wconf 86' lang='lat' dir='ltr'>Gampauiae</span> <span class='ocrx_word' id='word_1_267' title='bbox 284 3230 387 3295; x_wconf 85' lang='lat' dir='ltr'>solitus</span> <span class='ocrx_word' id='word_1_268' title='bbox 409 3232 438 3306; x_wconf 88' lang='lat'>6,</span> <span class='ocrx_word' id='word_1_269' title='bbox 461 3235 512 3308; x_wconf 84' lang='lat'>20,</span> <span class='ocrx_word' id='word_1_270' title='bbox 535 3234 564 3296; x_wconf 84' lang='lat'>3.</span> <span class='ocrx_word' id='word_1_271' title='bbox 594 3235 654 3297; x_wconf 83' lang='lat' dir='ltr'>cfr.</span> <span class='ocrx_word' id='word_1_272' title='bbox 678 3232 708 3307; x_wconf 92' lang='lat'>6,</span> <span class='ocrx_word' id='word_1_273' title='bbox 731 3236 781 3307; x_wconf 90' lang='grc'>23,</span> <span class='ocrx_word' id='word_1_274' title='bbox 804 3236 832 3296; x_wconf 91' lang='grc'>2.</span> <span class='ocrx_word' id='word_1_275' title='bbox 855 3235 965 3297; x_wconf 90' lang='lat' dir='ltr'>Sumus</span> <span class='ocrx_word' id='word_1_276' title='bbox 987 3232 1072 3297; x_wconf 85' lang='lat' dir='ltr'>solito</span> <span class='ocrx_word' id='word_1_277' title='bbox 1094 3235 1220 3296; x_wconf 90' lang='lat' dir='ltr'>rariores</span> <span class='ocrx_word' id='word_1_278' title='bbox 1242 3238 1271 3310; x_wconf 87' lang='grc'>2,</span> <span class='ocrx_word' id='word_1_279' title='bbox 1293 3235 1341 3311; x_wconf 87' lang='grc'>14,</span> 
     </span>
     <span class='ocr_line' id='line_1_29' title="bbox 88 3333 1192 3419; baseline 0.003 -24"><span class='ocrx_word' id='word_1_280' title='bbox 88 3333 135 3395; x_wconf 90' lang='lat'>14.</span> <span class='ocrx_word' id='word_1_281' title='bbox 160 3333 268 3416; x_wconf 83' lang='lat' dir='ltr'>(Verg.</span> <span class='ocrx_word' id='word_1_282' title='bbox 291 3333 348 3396; x_wconf 89' lang='lat' dir='ltr'>Ov.</span> <span class='ocrx_word' id='word_1_283' title='bbox 371 3335 444 3397; x_wconf 89' lang='lat' dir='ltr'>Hor.</span> <span class='ocrx_word' id='word_1_284' title='bbox 468 3335 540 3398; x_wconf 87' lang='lat' dir='ltr'>Sall.</span> <span class='ocrx_word' id='word_1_285' title='bbox 563 3336 644 3397; x_wconf 91' lang='lat' dir='ltr'>Hist.</span> <span class='ocrx_word' id='word_1_286' title='bbox 667 3337 696 3411; x_wconf 88' lang='lat'>3,</span> <span class='ocrx_word' id='word_1_287' title='bbox 722 3337 749 3410; x_wconf 93' lang='lat' dir='ltr'>l,</span> <span class='ocrx_word' id='word_1_288' title='bbox 772 3336 816 3397; x_wconf 91' lang='lat' dir='ltr'>ed.</span> <span class='ocrx_word' id='word_1_289' title='bbox 839 3335 972 3398; x_wconf 87' lang='lat' dir='ltr'>Dietseh.</span> <span class='ocrx_word' id='word_1_290' title='bbox 995 3335 1063 3397; x_wconf 90' lang='lat' dir='ltr'>Liv.</span> <span class='ocrx_word' id='word_1_291' title='bbox 1087 3334 1192 3419; x_wconf 84' lang='lat' dir='ltr'>post).</span> 
     </span>
    </p>
   </div>
   <div class='ocr_carea' id='block_1_6' title="bbox 87 3535 1340 4731">
    <p class='ocr_par' dir='ltr' id='par_1_11' title="bbox 89 3535 1340 3717">
     <span class='ocr_line' id='line_1_30' title="bbox 170 3535 1340 3617; baseline 0.004 -21"><span class='ocrx_word' id='word_1_292' title='bbox 170 3535 245 3596; x_wconf 84' lang='lat' dir='ltr'>Haeo</span> <span class='ocrx_word' id='word_1_293' title='bbox 267 3536 329 3596; x_wconf 85' lang='lat' dir='ltr'>fere</span> <span class='ocrx_word' id='word_1_294' title='bbox 352 3536 502 3614; x_wconf 87' lang='lat' dir='ltr'>adjectiva</span> <span class='ocrx_word' id='word_1_295' title='bbox 523 3537 552 3598; x_wconf 92' lang='lat' dir='ltr'>iu</span> <span class='ocrx_word' id='word_1_296' title='bbox 574 3559 632 3598; x_wconf 82' lang='lat' dir='ltr'>-aa</span> <span class='ocrx_word' id='word_1_297' title='bbox 653 3537 818 3599; x_wconf 88' lang='lat' dir='ltr'>desinentia</span> <span class='ocrx_word' id='word_1_298' title='bbox 842 3538 920 3617; x_wconf 93' lang='lat' dir='ltr'>apud</span> <span class='ocrx_word' id='word_1_299' title='bbox 942 3535 1074 3599; x_wconf 89' lang='lat' dir='ltr'>Plinium</span> <span class='ocrx_word' id='word_1_300' title='bbox 1096 3537 1224 3600; x_wconf 86' lang='lat' dir='ltr'>inveniri</span> <span class='ocrx_word' id='word_1_301' title='bbox 1258 3557 1340 3601; x_wconf 91' lang='lat' dir='ltr'>com-</span> 
     </span>
     <span class='ocr_line' id='line_1_31' title="bbox 89 3637 456 3717; baseline 0.011 -22"><span class='ocrx_word' id='word_1_302' title='bbox 89 3637 313 3698; x_wconf 88' lang='lat' dir='ltr'>memorandum</span> <span class='ocrx_word' id='word_1_303' title='bbox 335 3638 456 3717; x_wconf 89' lang='lat' dir='ltr'>putavi:</span> 
     </span>
    </p>

    <p class='ocr_par' dir='ltr' id='par_1_12' title="bbox 87 3733 1339 4524">
     <span class='ocr_line' id='line_1_32' title="bbox 171 3733 1339 3822; baseline 0.004 -24"><span class='ocrx_word' id='word_1_304' title='bbox 171 3733 298 3822; x_wconf 72' lang='lat' dir='ltr'>Efficere</span> <span class='ocrx_word' id='word_1_305' title='bbox 319 3738 437 3812; x_wconf 89' lang='lat' dir='ltr'>dicitur,</span> <span class='ocrx_word' id='word_1_306' title='bbox 460 3738 537 3820; x_wconf 90' lang='lat' dir='ltr'>quod</span> <span class='ocrx_word' id='word_1_307' title='bbox 562 3739 620 3800; x_wconf 91' lang='lat' dir='ltr'>viru</span> <span class='ocrx_word' id='word_1_308' title='bbox 642 3739 790 3820; x_wconf 90' lang='lat' dir='ltr'>quandam</span> <span class='ocrx_word' id='word_1_309' title='bbox 814 3739 906 3801; x_wconf 89' lang='lat' dir='ltr'>habet</span> <span class='ocrx_word' id='word_1_310' title='bbox 928 3738 1036 3819; x_wconf 87' lang='lat' dir='ltr'>aliquid</span> <span class='ocrx_word' id='word_1_311' title='bbox 1060 3739 1214 3802; x_wconf 85' lang='lat' dir='ltr'>efficiendi.</span> <span class='ocrx_word' id='word_1_312' title='bbox 1258 3739 1339 3810; x_wconf 79' lang='lat' dir='ltr'>Quid</span> 
     </span>
     <span class='ocr_line' id='line_1_33' title="bbox 87 3833 1337 3925; baseline 0.004 -27"><span class='ocrx_word' id='word_1_313' title='bbox 87 3837 223 3916; x_wconf 88' lang='lat' dir='ltr'>precibus</span> <span class='ocrx_word' id='word_1_314' title='bbox 245 3839 398 3925; x_wconf 82' lang='lat' dir='ltr'>efficacius</span> <span class='ocrx_word' id='word_1_315' title='bbox 419 3839 548 3900; x_wconf 87' lang='lat' dir='ltr'>amantis</span> <span class='ocrx_word' id='word_1_316' title='bbox 570 3838 600 3912; x_wconf 89' lang='grc'>6,</span> <span class='ocrx_word' id='word_1_317' title='bbox 628 3840 672 3913; x_wconf 91' lang='grc'>18,</span> <span class='ocrx_word' id='word_1_318' title='bbox 695 3841 724 3900; x_wconf 90' lang='grc'>2.</span> <span class='ocrx_word' id='word_1_319' title='bbox 746 3841 823 3902; x_wconf 91' lang='lat' dir='ltr'>Pau.</span> <span class='ocrx_word' id='word_1_320' title='bbox 847 3833 895 3901; x_wconf 91' lang='grc'>71.</span> <span class='ocrx_word' id='word_1_321' title='bbox 917 3839 966 3902; x_wconf 89' lang='grc'>84.</span> <span class='ocrx_word' id='word_1_322' title='bbox 990 3838 1077 3922; x_wconf 85' lang='lat' dir='ltr'>(Geel.</span> <span class='ocrx_word' id='word_1_323' title='bbox 1102 3860 1149 3922; x_wconf 88' lang='lat' dir='ltr'>ap.</span> <span class='ocrx_word' id='word_1_324' title='bbox 1166 3840 1229 3903; x_wconf 78' lang='lat' dir='ltr'>cic.</span> <span class='ocrx_word' id='word_1_325' title='bbox 1251 3843 1337 3903; x_wconf 88' lang='lat' dir='ltr'>Fam.</span> 
     </span>
     <span class='ocr_line' id='line_1_34' title="bbox 87 3937 1338 4026; baseline 0.002 -27"><span class='ocrx_word' id='word_1_326' title='bbox 87 3937 117 4011; x_wconf 93' lang='grc'>8,</span> <span class='ocrx_word' id='word_1_327' title='bbox 132 3939 181 4012; x_wconf 91' lang='grc'>10,</span> <span class='ocrx_word' id='word_1_328' title='bbox 194 3939 221 4000; x_wconf 91' lang='grc'>3.</span> <span class='ocrx_word' id='word_1_329' title='bbox 248 3941 320 4001; x_wconf 89' lang='lat' dir='ltr'>Hor.</span> <span class='ocrx_word' id='word_1_330' title='bbox 337 3940 404 4001; x_wconf 89' lang='lat' dir='ltr'>Liv.</span> <span class='ocrx_word' id='word_1_331' title='bbox 423 3940 499 4001; x_wconf 91' lang='lat' dir='ltr'>Pliu.</span> <span class='ocrx_word' id='word_1_332' title='bbox 519 3940 588 4018; x_wconf 92' lang='lat' dir='ltr'>maj.</span> <span class='ocrx_word' id='word_1_333' title='bbox 602 3941 685 4002; x_wconf 91' lang='lat' dir='ltr'>Suet.</span> <span class='ocrx_word' id='word_1_334' title='bbox 699 3940 761 4002; x_wconf 81' lang='lat' dir='ltr'>Col.</span> <span class='ocrx_word' id='word_1_335' title='bbox 774 3939 840 4020; x_wconf 93' lang='lat' dir='ltr'>al.).</span> <span class='ocrx_word' id='word_1_336' title='bbox 878 3940 1023 4002; x_wconf 85' lang='lat' dir='ltr'>Similiter</span> <span class='ocrx_word' id='word_1_337' title='bbox 1043 3940 1206 4026; x_wconf 78' lang='lat' dir='ltr'>efficaciter</span> <span class='ocrx_word' id='word_1_338' title='bbox 1229 3941 1338 4002; x_wconf 90' lang='lat' dir='ltr'>adver-</span> 
     </span>
     <span class='ocr_line' id='line_1_35' title="bbox 88 4039 1338 4120; baseline 0.002 -21"><span class='ocrx_word' id='word_1_339' title='bbox 88 4039 168 4100; x_wconf 91' lang='lat' dir='ltr'>bium</span> <span class='ocrx_word' id='word_1_340' title='bbox 191 4039 301 4101; x_wconf 88' lang='lat' dir='ltr'>dioitur</span> <span class='ocrx_word' id='word_1_341' title='bbox 322 4060 374 4120; x_wconf 91' lang='lat' dir='ltr'>pro</span> <span class='ocrx_word' id='word_1_342' title='bbox 398 4061 443 4112; x_wconf 90' lang='lat' dir='ltr'>eo,</span> <span class='ocrx_word' id='word_1_343' title='bbox 466 4040 543 4120; x_wconf 89' lang='lat' dir='ltr'>quud</span> <span class='ocrx_word' id='word_1_344' title='bbox 565 4050 610 4101; x_wconf 89' lang='lat' dir='ltr'>est</span> <span class='ocrx_word' id='word_1_345' title='bbox 632 4041 712 4120; x_wconf 90' lang='lat' dir='ltr'>apud</span> <span class='ocrx_word' id='word_1_346' title='bbox 735 4040 907 4102; x_wconf 85' lang='lat' dir='ltr'>Ciceronem</span> <span class='ocrx_word' id='word_1_347' title='bbox 930 4039 1136 4104; x_wconf 76' lang='lat' dir='ltr'>’&#39;efficienter&#39;&#39;</span> <span class='ocrx_word' id='word_1_348' title='bbox 1167 4042 1275 4103; x_wconf 92' lang='lat' dir='ltr'>Putem</span> <span class='ocrx_word' id='word_1_349' title='bbox 1291 4061 1338 4103; x_wconf 93' lang='lat' dir='ltr'>me</span> 
     </span>
     <span class='ocr_line' id='line_1_36' title="bbox 87 4137 1337 4227; baseline 0.002 -27"><span class='ocrx_word' id='word_1_350' title='bbox 87 4137 238 4227; x_wconf 72' lang='lat' dir='ltr'>efficacius</span> <span class='ocrx_word' id='word_1_351' title='bbox 260 4150 359 4202; x_wconf 88' lang='lat' dir='ltr'>tecum</span> <span class='ocrx_word' id='word_1_352' title='bbox 381 4141 472 4203; x_wconf 90' lang='lat' dir='ltr'>etiam</span> <span class='ocrx_word' id='word_1_353' title='bbox 496 4160 576 4202; x_wconf 89' lang='lat' dir='ltr'>meos</span> <span class='ocrx_word' id='word_1_354' title='bbox 598 4142 708 4202; x_wconf 92' lang='lat' dir='ltr'>amicos</span> <span class='ocrx_word' id='word_1_355' title='bbox 730 4150 901 4220; x_wconf 85' lang='lat' dir='ltr'>rogaturum</span> <span class='ocrx_word' id='word_1_356' title='bbox 923 4142 951 4215; x_wconf 87' lang='grc'>6,</span> <span class='ocrx_word' id='word_1_357' title='bbox 973 4142 1002 4216; x_wconf 93' lang='grc'>6,</span> <span class='ocrx_word' id='word_1_358' title='bbox 1023 4141 1054 4206; x_wconf 84' lang='grc'>8.</span> <span class='ocrx_word' id='word_1_359' title='bbox 1088 4142 1199 4222; x_wconf 83' lang='lat' dir='ltr'>Rogat,</span> <span class='ocrx_word' id='word_1_360' title='bbox 1221 4152 1250 4204; x_wconf 89' lang='lat' dir='ltr'>et</span> <span class='ocrx_word' id='word_1_361' title='bbox 1273 4143 1337 4223; x_wconf 91' lang='lat' dir='ltr'>qui-</span> 
     </span>
     <span class='ocr_line' id='line_1_37' title="bbox 90 4239 1337 4328; baseline 0.002 -27"><span class='ocrx_word' id='word_1_362' title='bbox 90 4240 153 4302; x_wconf 91' lang='lat' dir='ltr'>dem</span> <span class='ocrx_word' id='word_1_363' title='bbox 167 4239 388 4327; x_wconf 82' lang='lat' dir='ltr'>efficacissime,</span> <span class='ocrx_word' id='word_1_364' title='bbox 410 4241 460 4323; x_wconf 91' lang='lat' dir='ltr'>qui</span> <span class='ocrx_word' id='word_1_365' title='bbox 474 4243 573 4303; x_wconf 89' lang='lat' dir='ltr'>reddit</span> <span class='ocrx_word' id='word_1_366' title='bbox 584 4261 690 4304; x_wconf 90' lang='lat' dir='ltr'>causas</span> <span class='ocrx_word' id='word_1_367' title='bbox 707 4242 830 4322; x_wconf 84' lang='lat' dir='ltr'>rogandi</span> <span class='ocrx_word' id='word_1_368' title='bbox 847 4244 998 4318; x_wconf 90' lang='grc'>2,13,11.</span> <span class='ocrx_word' id='word_1_369' title='bbox 1022 4242 1143 4327; x_wconf 79' lang='lat' dir='ltr'>(Quint.</span> <span class='ocrx_word' id='word_1_370' title='bbox 1159 4245 1230 4304; x_wconf 86' lang='lat' dir='ltr'>Tac.</span> <span class='ocrx_word' id='word_1_371' title='bbox 1249 4241 1337 4328; x_wconf 86' lang='lat' dir='ltr'>Seu.)</span> 
     </span>
     <span class='ocr_line' id='line_1_38' title="bbox 89 4341 1338 4423; baseline 0.003 -21"><span class='ocrx_word' id='word_1_372' title='bbox 89 4341 239 4404; x_wconf 87' lang='lat' dir='ltr'>Praeterea</span> <span class='ocrx_word' id='word_1_373' title='bbox 262 4362 319 4403; x_wconf 91' lang='lat' dir='ltr'>nou</span> <span class='ocrx_word' id='word_1_374' title='bbox 344 4353 391 4404; x_wconf 91' lang='lat' dir='ltr'>est</span> <span class='ocrx_word' id='word_1_375' title='bbox 412 4343 532 4405; x_wconf 88' lang='lat' dir='ltr'>silentio</span> <span class='ocrx_word' id='word_1_376' title='bbox 561 4343 800 4423; x_wconf 82' lang='lat' dir='ltr'>praetereundum</span> <span class='ocrx_word' id='word_1_377' title='bbox 822 4344 995 4406; x_wconf 82' lang='lat' dir='ltr'>Ciceronem</span> <span class='ocrx_word' id='word_1_378' title='bbox 1016 4344 1243 4406; x_wconf 85' lang='lat' dir='ltr'>&#39;’efficacitatis&#39;‘</span> <span class='ocrx_word' id='word_1_379' title='bbox 1265 4363 1338 4406; x_wconf 90' lang='lat' dir='ltr'>voce</span> 
     </span>
     <span class='ocr_line' id='line_1_39' title="bbox 88 4443 1337 4524; baseline 0.006 -24"><span class='ocrx_word' id='word_1_380' title='bbox 88 4460 171 4504; x_wconf 90' lang='lat' dir='ltr'>usum</span> <span class='ocrx_word' id='word_1_381' title='bbox 195 4462 277 4516; x_wconf 87' lang='lat' dir='ltr'>esse,</span> <span class='ocrx_word' id='word_1_382' title='bbox 299 4462 355 4523; x_wconf 92' lang='lat' dir='ltr'>quo</span> <span class='ocrx_word' id='word_1_383' title='bbox 378 4443 529 4505; x_wconf 87' lang='lat' dir='ltr'>indicatur</span> <span class='ocrx_word' id='word_1_384' title='bbox 549 4444 613 4523; x_wconf 91' lang='lat' dir='ltr'>jam</span> <span class='ocrx_word' id='word_1_385' title='bbox 635 4443 698 4521; x_wconf 89' lang='lat' dir='ltr'>ejus</span> <span class='ocrx_word' id='word_1_386' title='bbox 718 4452 809 4504; x_wconf 89' lang='lat' dir='ltr'>aetate</span> <span class='ocrx_word' id='word_1_387' title='bbox 829 4445 1009 4524; x_wconf 89' lang='lat' dir='ltr'>adjectivum</span> <span class='ocrx_word' id='word_1_388' title='bbox 1030 4445 1148 4507; x_wconf 86' lang='lat' dir='ltr'>illudio</span> <span class='ocrx_word' id='word_1_389' title='bbox 1165 4463 1222 4506; x_wconf 88' lang='lat' dir='ltr'>usu</span> <span class='ocrx_word' id='word_1_390' title='bbox 1237 4446 1337 4508; x_wconf 86' lang='lat' dir='ltr'>luisse.</span> 
     </span>
    </p>

    <p class='ocr_par' dir='ltr' id='par_1_13' title="bbox 89 4541 1339 4731">
     <span class='ocr_line' id='line_1_40' title="bbox 173 4541 1338 4626; baseline 0.003 -21"><span class='ocrx_word' id='word_1_391' title='bbox 173 4541 297 4626; x_wconf 71' lang='lat' dir='ltr'>Sequana</span> <span class='ocrx_word' id='word_1_392' title='bbox 328 4543 450 4625; x_wconf 91' lang='lat' dir='ltr'>propria</span> <span class='ocrx_word' id='word_1_393' title='bbox 477 4543 694 4624; x_wconf 80' lang='lat' dir='ltr'>significatione</span> <span class='ocrx_word' id='word_1_394' title='bbox 722 4545 802 4625; x_wconf 89' lang='lat' dir='ltr'>apud</span> <span class='ocrx_word' id='word_1_395' title='bbox 827 4547 917 4624; x_wconf 79' lang='lat' dir='ltr'>Verg.</span> <span class='ocrx_word' id='word_1_396' title='bbox 941 4547 1030 4625; x_wconf 90' lang='lat' dir='ltr'>Prop.</span> <span class='ocrx_word' id='word_1_397' title='bbox 1051 4545 1234 4626; x_wconf 85' lang='lat' dir='ltr'>posteriores</span> <span class='ocrx_word' id='word_1_398' title='bbox 1263 4547 1338 4610; x_wconf 91' lang='lat' dir='ltr'>dici-</span> 
     </span>
     <span class='ocr_line' id='line_1_41' title="bbox 89 4644 1339 4731; baseline 0.005 -27"><span class='ocrx_word' id='word_1_399' title='bbox 89 4651 146 4715; x_wconf 92' lang='lat' dir='ltr'>tur,</span> <span class='ocrx_word' id='word_1_400' title='bbox 173 4644 223 4725; x_wconf 92' lang='lat' dir='ltr'>qui</span> <span class='ocrx_word' id='word_1_401' title='bbox 248 4644 278 4704; x_wconf 89' lang='lat' dir='ltr'>in</span> <span class='ocrx_word' id='word_1_402' title='bbox 302 4644 402 4726; x_wconf 89' lang='lat' dir='ltr'>aliquo</span> <span class='ocrx_word' id='word_1_403' title='bbox 424 4646 573 4726; x_wconf 88' lang='lat' dir='ltr'>sequendo</span> <span class='ocrx_word' id='word_1_404' title='bbox 601 4653 789 4726; x_wconf 85' lang='lat' dir='ltr'>perseverat,</span> <span class='ocrx_word' id='word_1_405' title='bbox 815 4645 865 4706; x_wconf 92' lang='lat' dir='ltr'>sed</span> <span class='ocrx_word' id='word_1_406' title='bbox 888 4646 967 4727; x_wconf 88' lang='lat' dir='ltr'>apud</span> <span class='ocrx_word' id='word_1_407' title='bbox 988 4646 1118 4709; x_wconf 89' lang='lat' dir='ltr'>Plinium</span> <span class='ocrx_word' id='word_1_408' title='bbox 1139 4654 1171 4711; x_wconf 90' lang='lat' dir='ltr'>et</span> <span class='ocrx_word' id='word_1_409' title='bbox 1191 4648 1339 4731; x_wconf 76' lang='lat' dir='ltr'>aequales,</span> 
     </span>
    </p>
   </div>
   <div class='ocr_carea' id='block_1_7' title="bbox 0 0 1625 5332">
    <p class='ocr_par' dir='ltr' id='par_1_14' title="bbox 0 0 1625 5332">
     <span class='ocr_line' id='line_1_42' title="bbox 0 0 1625 5332; baseline 0 0"><span class='ocrx_word' id='word_1_410' title='bbox 0 0 1625 5332; x_wconf 95' lang='lat' dir='ltr'> </span> 
     </span>
    </p>
   </div>
  </div>
 </body>
</html>
