3226 5332
325 420 365 477 De
387 423 448 478 vitu
469 425 497 478 ct
520 422 677 478 elocutione
699 423 729 478 O.
754 421 839 478 Plinii
861 421 964 476 Caecilii
986 419 1114 476 Secundi.
1292 421 1350 475 123

98 593 263 676 Corruptos
296 595 533 678 depravatosque
561 616 657 660 mores
683 595 868 678 principatus
896 613 1005 677 parens
1033 600 1133 656 noster
1159 592 1301 680 reformet
1322 600 1354 654 et

98 696 228 774 corrigat
248 697 325 759 Pan.
348 696 398 759 63.
1252 708 1255 716 ”

180 795 356 870 eernere,
388 818 447 880 qua
477 817 550 860 roca
576 798 782 870 Quintilianus
804 816 920 879 quoque
948 816 1000 879 par
1027 793 1257 860 translationem
1284 813 1355 856 usus

98 904 145 958 est
166 899 204 959 de
226 899 377 972 oratione,
398 899 515 961 Plinius
538 901 613 962 satis
635 899 708 962 mire
730 899 830 980 posuit
853 899 915 960 lere
936 917 990 979 pro
1012 916 1061 972 eo,
1084 898 1162 978 quod
1184 902 1230 958 est
1244 891 1354 958 abbor-

96 1018 178 1072 rere,
203 1019 383 1082 repnpnare.
434 1001 478 1064 Ut
499 1001 631 1063 barbara
651 1007 683 1061 ct
704 1001 770 1062 fara
798 998 920 1060 nomina
941 999 1045 1078 graecis
1067 997 1202 1060 versibus
1224 1015 1282 1058 666
1305 1015 1355 1058 re-

97 1096 206 1162 sultent
237 1100 268 1175 8,
289 1099 319 1174 4,
342 1102 371 1163 3.
414 1102 565 1164 Praetarea
596 1108 754 1182 poetarum
787 1120 868 1162 more
894 1099 971 1161 dixit
997 1100 1034 1161 de
1061 1098 1135 1161 locis
1156 1115 1262 1160 sonum
1285 1097 1355 1159 red·

98 1200 250 1262 dentibus.
293 1202 368 1263 Inde
390 1199 569 1264 resultantia
590 1203 712 1264 vocibus
735 1209 819 1264 tecta
840 1201 916 1262 Pau.
939 1195 988 1262 73.
1012 1196 1147 1284 (Verg.).

97 1341 99 1344 -
180 1299 368 1385 Scbsa‘pnare
390 1321 443 1382 pro
471 1321 521 1376 66,
554 1304 631 1384 quod
653 1311 699 1364 est
720 1299 917 1375 subscribere,
938 1299 1128 1385 confirmare,
1142 1297 1241 1386 fidem
1262 1298 1355 1360 iater-

93 1421 208 1485 ponere
233 1403 321 1465 dixit.
364 1404 399 1464 Id
418 1403 480 1482 jam
504 1423 583 1466 nunc
607 1406 686 1484 apud
708 1412 739 1466 tc
762 1400 993 1485 srrbaipno3‚l,
1011 1402 1058 1464 12.
1101 1397 1253 1483 Subsipno
1274 1400 1355 1480 apud

98 1509 129 1562 te
160 1504 249 1565 fidem
281 1523 335 1584 pro
368 1504 499 1566 moribus
526 1504 658 1566 Romani
686 1504 742 1566 mei
766 1503 816 1577 10,
838 1503 859 1566 4
881 1502 895 1586 (
918 1501 943 1585 ),
965 1502 993 1564 4.
1017 1499 1096 1585 (Gic.
1117 1501 1218 1563 Flacc.
1240 1501 1292 1575 32,
1313 1499 1355 1562 80

98 1602 133 1665 de
155 1602 275 1685 prandiis
296 1603 388 1680 dixit,
411 1623 476 1685 quae
497 1604 527 1666 iu
550 1606 661 1667 tabulis
684 1605 825 1668 censoriis
847 1600 1044 1686 scribuntur).

179 1739 238 1802 Har
261 1739 495 1820 significationes
518 1738 676 1800 verborum
700 1739 778 1820 apud
800 1746 918 1800 veteres
940 1737 1102 1818 scriptores
1123 1735 1277 1797 inusitatae
1291 1733 1356 1797 Pli-

97 1836 146 1902 nio
169 1859 236 1903 cum
258 1841 424 1922 aequalibus
447 1848 519 1900 sunt
540 1858 722 1901 communes:

179 1938 332 2022 Adlepare
364 1940 445 2022 apud
474 1949 590 2002 veteres
612 1940 775 2020 scriptores
797 1940 952 2003 dicebatur
975 1939 1011 2000 de
1033 1937 1087 2011 iis,
1119 1936 1168 2019 qui
1191 1936 1231 1998 ad
1253 1935 1356 2018 priva·

96 2050 159 2104 turn
184 2042 303 2123 aliquod
326 2042 478 2122 negotium
501 2029 660 2121 gerendum
683 2043 892 2113 mittebantur,
914 2049 1021 2122 postea
1042 2058 1111 2101 vero
1133 2038 1179 2100 ita
1193 2036 1253 2099 vim
1269 2057 1355 2099 snam

92 2143 243 2216 mutavit,
270 2151 304 2205 ut
325 2143 402 2204 idem
426 2143 487 2204 fere
508 2143 700 2222 significaret,
723 2143 801 2224 quod
824 2141 944 2226 afferre.
987 2139 1070 2202 Petis
1093 2147 1128 2201 ut
1149 2138 1264 2200 libellos
1285 2145 1354 2200 tuos

78 2235 209 2324 legam,
238 2243 364 2306 adhibes
386 2263 504 2324 preces,
526 2240 649 2326 adlapsa
671 2244 838 2324 exemplum
861 2244 890 2316 3,
915 2240 963 2316 lb,
988 2242 1014 2303 1.
1058 2239 1120 2304 cfr.
1143 2240 1172 2315 3,
1193 2237 1224 2313 4,
1245 2238 1276 2301 4.
1307 2238 1356 2314 10,

97 2343 137 2406 58
160 2342 244 2430 (66),
267 2346 295 2406 3.
328 2346 403 2407 Pau.
426 2338 476 2406 70.
499 2341 620 2427 (Quint.
643 2345 717 2406 Tac.
741 2345 825 2407 Suet.
848 2340 958 2427 Stat).

181 2441 347 2519 Adsidere,
376 2445 454 2526 quod
476 2444 557 2525 apud
579 2453 697 2507 veteres
719 2445 881 2525 scriptores
903 2443 1059 2506 dicebatur
1080 2439 1227 2523 praecipue
1249 2440 1286 2502 de
1309 2439 1355 2515 iis,

97 2545 146 2627 qui
169 2553 223 2608 aut
244 2546 333 2608 officii
355 2553 409 2608 aut
430 2545 573 2609 custodiae
595 2566 688 2608 causa
710 2556 817 2626 praesto
840 2552 942 2619 erant,
966 2544 1046 2625 apud
1061 2543 1191 2605 Plinium
1208 2549 1238 2603 at
1252 2560 1355 2623 6666-

98 2645 140 2707 les
172 2647 253 2709 idern
286 2647 347 2708 fere
374 2646 539 2726 significat,
572 2647 654 2727 quod,
676 2646 797 2708 assidue
818 2645 945 2708 studere.
989 2643 1049 2715 Qui
1071 2652 1137 2708 tota
1160 2643 1223 2706 vita
1245 2643 1355 2706 litteris

97 2747 235 2811 adsident
257 2747 286 2822 3,
309 2745 338 2823 6,
362 2745 409 2810 19.
433 2745 523 2831 (Tac.
546 2746 646 2832 866.)

181 2845 356 2932 Adsiprrare
377 2849 542 2910 insolenter
564 2855 738 2929 usurpatum
762 2856 809 2909 est
831 2849 892 2909 iere
914 2848 1018 2910 eadem
1041 2845 1273 2926 significatione,
1296 2864 1356 2927 qua

98 2949 231 3024 tradere,
266 2949 456 3013 committere.
504 2949 691 3030 Concupisco
724 2949 820 3012 bonos
848 2949 976 3029 juvenes
1008 2947 1171 3030 edsipcare
1204 2949 1292 3008 lamae
1324 2947 1355 3021 6,

99 3051 149 3122 23,
172 3051 192 3110 2
215 3047 329 3134 (866).

185 3147 349 3234 Adstrlnpi
376 3151 395 3213 i.
419 3171 444 3212 s.
466 3171 495 3233 q.
518 3149 710 3235 reserperarr'.
754 3152 790 3212 In
813 3150 947 3232 proximo
971 3155 1095 3230 puteus,
1117 3168 1155 3211 ex
1176 3167 1234 3230 quo
1257 3149 1353 3230 possis

101 3271 203 3314 rursus
224 3251 392 3336 adstrinpr‘,
413 3252 439 3314 si
461 3253 614 3333 poeniteat
634 3253 746 3334 teporis
767 3253 797 3327 b,
819 3251 849 3326 6,
871 3250 921 3314 26.
945 3247 1079 3336 (Mart).
1113 3248 1191 3334 (66.
1207 3258 1355 3332 preterea

101 3353 174 3416 Lex.
196 3351 336 3437 Klotzii).
1347 3429 1349 3438 ‚

184 3450 353 3538 Auspiccrr'
377 3453 457 3534 apud
479 3462 595 3516 veteres
617 3452 778 3535 scriptores
800 3453 950 3534 significat
976 3451 1109 3534 auspicia
1130 3451 1251 3527 habere,
1276 3453 1355 3535 apud

101 3552 234 3616 Plinium
256 3573 328 3616 vero
355 3554 475 3636 ponitur
503 3555 609 3618 eadem
631 3555 674 3628 ri,
702 3576 760 3637 qua
781 3555 928 3639 irripere,
951 3552 1079 3638 inpredi.
1124 3553 1355 3635 superstitionis

102 3654 181 3716 enirn
204 3663 271 3718 erat
292 3656 511 3730 Romanorum,
533 3663 568 3718 ut
590 3657 757 3731 crederent,
779 3676 841 3719 rem
864 3656 922 3718 nisi
944 3665 1028 3718 certa
1045 3655 1093 3717 die
1108 3655 1280 3718 inchoatam
1296 3675 1355 3718 uon

101 3773 241 3836 prospere
266 3746 471 3836 processuram
505 3777 588 3830 esse,
621 3777 709 3839 quarn
738 3759 776 3820 66
802 3777 865 3819 rem
893 3758 946 3819 illa
971 3757 1035 3832 die,
1068 3776 1133 3837 ques
1159 3755 1356 3836 '’auspicalis''

102 3857 276 3930 vocabatur,
297 3857 404 3920 saltem
427 3877 460 3919 se
482 3856 704 3920 ’'simulabant''
720 3877 801 3939 opus
822 3857 964 3921 inchoare
986 3879 1022 3921 ac
1043 3877 1096 3938 per
1109 3857 1237 3937 speciem
1249 3855 1357 3919 incho-

101 3955 175 4019 andi
205 3957 277 4020 boni
310 3957 417 4019 ominis
449 3979 540 4022 causa
567 3957 672 4020 leviter
697 3959 896 4039 attingebant.
939 3959 1114 4022 Lucubrare
1134 3957 1356 4020 Vulcanalibus

101 4057 281 4138 incipiebat,
309 4079 367 4120 non
390 4058 572 4143 auspicandi
593 4079 701 4134 causa,
733 4061 784 4122 sed
807 4061 947 4123 studendi
969 4062 1000 4135 3,
1022 4059 1050 4133 6,
1072 4058 1101 4121 8.
1145 4058 1206 4122 cfr.
1228 4058 1303 4120 Pan.
1328 4058 1356 4121 1.

103 4157 216 4222 Atilius
238 4180 286 4240 ap.
311 4159 389 4221 Plin.
411 4161 468 4240 Ep.
490 4160 631 4235 2‚14,2.
665 4159 762 4245 (Vell.
780 4161 857 4223 Plin.
876 4162 945 4242 maj.
965 4162 1036 4225 Seu.
1054 4160 1127 4222 Tac.
1144 4159 1227 4221 Suet.
1245 4159 1336 4243 Col).

184 4256 307 4323 Censere‘
333 4260 434 4342 aliqua
462 4281 493 4322 re
521 4280 575 4343 pro
608 4281 658 4335 eo,
685 4263 763 4344 quod
792 4270 837 4324 est
859 4282 896 4325 66
917 4259 1021 4345 aliquo
1041 4280 1075 4322 re
1096 4259 1250 4323 cremori.
1298 4260 1357 4323 Hic

102 4368 131 4422 te
153 4361 354 4424 commilitone
374 4371 508 4425 eerrsetcr
528 4363 604 4424 Pau.
629 4362 675 4424 16.
698 4360 786 4446 (866.
808 4362 886 4425 Plin.
907 4363 977 4441 maJ.
994 4363 1066 4423 Tac.
1082 4360 1167 4424 Suet.
1182 4355 1255 4422 Vel.
1271 4362 1355 4424 Max.

102 4461 193 4524 Mart.
236 4459 328 4543 Apnd
350 4476 467 4526 veteres
488 4464 634 4545 quomodo
657 4471 827 4544 usurpetur,
849 4462 986 4525 omnibus
1009 4469 1113 4524 notum
1136 4459 1209 4545 est).

184 4559 339 4626 Dedicore
361 4565 440 4645 apud
464 4574 579 4627 veteres
601 4563 760 4646 scriptores
781 4564 936 4627 dicebatur
957 4564 994 4625 de
1016 4562 1152 4643 templis,
1180 4561 1256 4635 aris,
1289 4562 1357 4626 aliis

103 4663 189 4725 rebus
221 4662 531 4742 diis·cousecrandis,
561 4665 669 4728 deinde
698 4666 769 4750 poni
797 4672 932 4748 coeptum
955 4672 1001 4726 est
1023 4662 1116 4727 etiam
1138 4665 1175 4726 de
1198 4665 1266 4728 aliis
1289 4665 1356 4748 qui-
