3226 5332
736 420 761 476 J.
784 419 816 478 P.
840 421 1008 494 Lagergren.

736 599 787 681 lle
808 600 1012 700 ldjeellrls.

331 739 429 823 Supra
452 742 529 816 dixi,
550 749 698 822 argenteae
721 743 819 804 aetatis
840 743 1018 824 scriptorum
1041 743 1191 825 proprium
1214 763 1295 817 esse,
1317 755 1352 807 ut
1373 753 1495 807 eonten-

247 841 343 904 tioues
377 851 571 917 sectarentur,
604 844 682 924 quod
714 844 844 906 studium
874 845 903 906 in
931 865 965 905 eo
991 863 1106 926 quoque
1128 846 1269 919 cernitur,
1301 846 1380 927 quod
1403 846 1495 908 multa

246 945 397 1024 adjectiva
419 963 485 1006 cum
507 945 540 1006 e'n
561 943 708 1024 particula
730 943 1000 1028 conjunxerunt1),
1023 965 1079 1027 quo
1101 947 1190 1027 priori
1213 947 1364 1009 contraria
1378 946 1494 1010 exsistit

246 1045 432 1124 significatio.
477 1045 544 1108 Hac
577 1045 692 1106 ratione
726 1065 783 1106 nou
818 1047 913 1108 solum
948 1047 1097 1109 contraria
1130 1047 1223 1128 magis
1255 1054 1377 1110 exstent
1406 1057 1494 1129 atque

246 1145 393 1219 eminent,
425 1147 478 1207 sed
502 1146 596 1208 oratio
620 1146 709 1207 etiam
737 1147 889 1228 eliquanto
912 1147 1008 1209 acrior
1028 1149 1063 1210 fit
1084 1153 1115 1210 et
1136 1148 1351 1222 vehementior,
1385 1149 1431 1212 cui
1454 1148 1494 1210 rei

246 1265 305 1307 non
339 1247 434 1309 nrinus
467 1247 629 1309 studebant
654 1247 696 1308 illi
724 1249 894 1329 scriptores.
939 1249 1066 1311 Veteres
1095 1251 1215 1311 easdem
1239 1249 1391 1324 notiones,
1423 1269 1495 1331 ques

245 1347 303 1408 illis
333 1348 489 1428 adjectivis
511 1346 687 1429 posteriores
710 1349 886 1429 scriptores,
915 1349 1085 1431 exprimunt
1108 1360 1161 1413 aut
1183 1349 1495 1413 circumlocutionibus

245 1449 418 1529 quibusdam
442 1457 575 1511 autnon
598 1449 746 1529 particula
768 1461 839 1512 ante
861 1450 1053 1530 Adjectivum
1077 1450 1185 1531 posita.

326 1551 398 1613 Haec
427 1552 489 1612 fere
516 1549 678 1630 Adjectiva
699 1570 765 1612 uum
792 1549 826 1614 in
854 1551 1003 1632 particula
1031 1552 1191 1632 conjuncta
1219 1551 1337 1614 Plinius
1367 1571 1493 1614 novasse

244 1651 373 1714 videtur:

325 1751 504 1816 beescenses
527 1747 601 1838 (cin.
616 1750 689 1836 alp.)
711 1772 765 1833 pro
787 1774 847 1816 non
869 1773 988 1817 ascenso
1009 1753 1127 1817 dicitur.
1170 1751 1369 1818 Inasecnsrnn
1389 1773 1493 1835 super-

243 1854 299 1916 biae
322 1855 486 1936 principum
510 1855 606 1918 locum
629 1865 724 1916 terere
746 1854 825 1916 Pan.
848 1853 897 1918 65.

323 1954 531 2040 Inconprnens
566 1975 619 2036 pro
647 1976 706 2018 non
733 1964 926 2039 conpressis,
958 1955 1038 2040 qnod
1063 1977 1123 2018 non
1150 1956 1296 2040 conpescit.
1353 1956 1491 2019 Alteram

240 2055 450 2144 (sententiam)
474 2057 648 2119 dissolutam
682 2063 772 2138 atque
806 2057 896 2118 etiem
929 2058 1170 2140 inconpreentem
1199 2064 1308 2120 vocent
1339 2057 1422 2132 4,9,
1446 2056 1491 2120 19.

241 2157 360 2245 (Gall).

322 2257 505 2346 Indejlenes.
548 2258 671 2321 Aetatis
703 2255 854 2342 indeflenc
887 2259 1114 2321 maturitas...
1138 2275 1236 2320 nonne
1264 2259 1348 2338 lunge
1379 2260 1491 2341 lateque

240 2362 404 2442 prinoipem
431 2361 604 2422 ostentant?
631 2359 706 2424 Pan.
729 2359 758 2423 4.
803 2359 971 2441 Significari
999 2360 1116 2422 videtur
1142 2370 1215 2424 aetas
1237 2359 1313 2422 satis
1335 2370 1491 2440 provecta,

238 2483 303 2544 quae
327 2463 457 2524 nondum
482 2462 520 2522 ad
543 2461 656 2522 senium
679 2461 811 2524 inclinet.

321 2561 509 2646 Inpleriosns
531 2557 604 2645 (ἀπ.
626 2559 708 2644 sip).
753 2563 841 2624 Hanc
863 2581 968 2625 vocem
991 2561 1192 2642 lexicographi
1215 2561 1398 2636 omiserunt,
1425 2581 1489 2624 eum

239 2684 308 2726 vero
341 2664 415 2726 insit
446 2663 476 2724 iu
511 2664 622 2745 optimo
662 2663 777 2736 codice,
815 2665 894 2727 baud
927 2662 1037 2742 injuria
1066 2661 1138 2724 milri
1175 2662 1293 2725 videtur
1323 2663 1393 2725 Keil
1426 2681 1487 2725 eam

238 2767 402 2840 retinuisse,
426 2785 605 2846 quamquam
626 2764 656 2826 iu
680 2765 787 2827 ceteris
803 2765 983 2827 editionibus
999 2764 1105 2842 legitur
1120 2762 1312 2843 ''inglorius''
1347 2764 1490 2827 Inlauda-

237 2875 285 2928 tus
307 2866 488 2949 inploriosos
509 2866 591 2927 subit
614 2873 731 2946 portum
753 2865 783 2938 9,
805 2865 856 2939 26,
877 2865 907 2927 4.

319 2967 536 3054 Inperspe'cens
565 2961 638 3049 (dn.
660 2963 733 3049 sip.)
762 2986 815 3047 pro
844 2987 895 3042 eo,
929 2966 1005 3047 quod
1029 2973 1157 3027 estnon
1182 2965 1378 3050 perspiceres,
1407 2963 1491 3052 diffie

235 3068 300 3133 cilis
326 3070 366 3131 nd
387 3067 643 3154 perspiciendum.
687 3069 790 3148 Neque
818 3069 894 3129 enim
923 3067 1019 3129 minus
1041 3067 1236 3152 inperspt'cna
1263 3074 1335 3129 sunt
1358 3065 1489 3145 judicum

236 3171 354 3252 ingenie
375 3191 463 3254 quam
487 3176 699 3249 tempestatum
722 3177 926 3250 terrarumque
951 3169 979 3242 l,
1001 3169 1050 3239 29,
1075 3161 1122 3230 lt.

316 3272 494 3336 Inreoerens
519 3269 638 3343 dieitur,
670 3269 720 3352 qui
748 3289 805 3331 nou
833 3277 995 3332 reveretur.
1049 3267 1122 3331 Sum
1157 3269 1334 3350 deprecatus
1361 3288 1398 3330 ne
1427 3267 1489 3349 quis

235 3382 268 3435 ut
289 3375 500 3438 increscentem
523 3371 619 3451 operis
642 3380 780 3452 argueret
801 3369 830 3444 8,
852 3369 902 3442 21,
924 3369 952 3431 3.

316 3474 493 3538 Intnrdetns
516 3466 589 3557 (ἆπ.
613 3469 686 3556 sip.)
713 3490 765 3551 pro
794 3492 854 3533 non
881 3468 1016 3546 turbato,
1043 3469 1157 3554 quiete,
1185 3467 1349 3555 tranquillo
1371 3470 1486 3534 dicitur.

233 3576 320 3641 Sedit
340 3575 511 3640 intnrbotns
532 3572 667 3659 (consul)
689 3573 765 3634 Pan.
788 3570 837 3635 64.

314 3681 370 3741 His
394 3696 500 3740 novam
524 3675 582 3737 vim
605 3673 761 3756 imposuit:

313 3779 513 3852 Inoneocnos,
546 3797 606 3858 qua
639 3794 710 3838 voce
734 3774 798 3853 jem
820 3773 875 3837 Ov.
898 3791 969 3834 usus
997 3779 1045 3834 est
1070 3772 1191 3853 propria
1212 3771 1430 3853 significatione
1452 3775 1485 3838 de

230 3883 329 3964 regnis
362 3879 502 3952 infernis,
536 3878 616 3958 apud
649 3875 777 3939 Plinium
812 3893 864 3955 per
890 3873 1118 3935 translationem
1145 3874 1265 3954 punitur
1286 3875 1323 3936 de
1346 3895 1435 3957 opere
1456 3876 1483 3937 in

230 3984 338 4048 litteris
371 3986 557 4059 consumpto.
601 3979 635 4039 Id
669 3996 759 4057 genus
792 3974 890 4056 operis
919 3972 1137 4056 (oratiunculas
1164 3971 1344 4059 retractare)
1366 3977 1483 4040 inama-

229 4085 302 4158 bile,
324 4086 516 4147 inamoenum
538 4079 567 4151 9,
593 4079 641 4150 10,
664 4080 693 4140 3.

311 4181 516 4247 Incnstoditne
535 4181 598 4260 jam
621 4180 699 4258 apud
721 4177 776 4241 Ov.
799 4180 870 4242 Tac.
894 4177 968 4241 alios
992 4176 1101 4238 multos
1123 4176 1231 4240 dicitur
1252 4196 1305 4257 pro
1327 4197 1377 4251 eo,
1405 4177 1480 4260 quod

228 4297 274 4349 est
307 4307 365 4348 non
398 4282 581 4352 custoditus,
615 4280 666 4340 sed
690 4280 768 4360 apud
792 4279 921 4342 Plinium
944 4279 1021 4340 idem
1044 4277 1209 4356 siguificat,
1231 4279 1309 4358 quud
1331 4278 1480 4350 ineamus,

226 4385 426 4472 improvidus.
470 4381 578 4444 Tuitus
605 4400 671 4442 sum
700 4381 808 4443 Iulium
831 4381 959 4442 Bassum
981 4385 1017 4440 ut
1038 4377 1250 4440 incustoditum
1271 4378 1360 4441 nimis
1382 4387 1413 4442 et
1433 4380 1479 4441 in-

227 4499 347 4551 cautum
370 4487 413 4550 ite
437 4483 558 4546 minime
581 4481 692 4544 malum
714 4480 742 4555 6,
765 4479 815 4553 29,
841 4482 887 4543 10.
931 4478 1009 4565 (un.
1033 4480 1106 4540 rac.
1129 4477 1210 4541 Anu.
1235 4477 1284 4552 15,
1306 4477 1373 4565 50).

274 4669 291 4738 ¹)
314 4675 366 4730 cn.
389 4673 573 4748 Negelsbach,
596 4673 613 4725 l.
629 4672 645 4724 1.
669 4673 735 4742 Peg.
762 4669 828 4723 191.
