3264 5332
280 1292 324 1396 llo
353 1295 431 1398 nite
460 1308 494 1396 nt
523 1291 727 1397 elocutione
757 1290 785 1394 l.
804 1289 911 1395 Plinii
942 1290 1075 1396 lecilii
1106 1291 1263 1399 Secundi.

718 1548 834 1622 Scripsit

634 1713 914 1809 tkmwffiu

723 1890 822 1900 ¹——

154 2034 328 2152 Sinerem
358 2093 406 2144 est
434 2101 491 2144 non
518 2079 591 2143 nihil
613 2081 757 2143 interesse
780 2083 818 2144 ad
841 2083 1035 2146 elocutionem
1058 2082 1212 2162 scriptoris
1233 2081 1403 2161 intelligen-

152 2189 221 2249 dam
254 2203 445 2265 cognoscere,
481 2182 588 2263 quibus
623 2182 692 2244 vitae
723 2183 946 2246 conditionibus
973 2204 1043 2246 usus
1070 2183 1111 2245 sit
1135 2183 1214 2264 ipse,
1246 2202 1306 2246 non
1328 2182 1403 2244 alie-

153 2306 223 2349 num
256 2285 486 2347 existimandum
514 2293 560 2345 est
589 2302 650 2357 une,
682 2293 840 2364 antequam
868 2286 907 2346 ad
933 2286 1029 2366 ipsam
1051 2284 1247 2347 elocutionem
1269 2283 1403 2357 veniam,

153 2406 249 2469 pauca
270 2387 307 2447 de
329 2387 392 2447 vita
414 2384 601 2466 moribusque
622 2382 712 2446 Plinii
734 2403 917 2464 praeponere.

236 2487 270 2550 O.
287 2485 402 2548 Plinius
416 2482 446 2570 ¹)
468 2485 606 2548 Caecilius
629 2485 784 2547 Secundus
807 2485 884 2547 Novi
907 2485 992 2548 Comi
1014 2495 1102 2548 natus
1125 2494 1171 2548 est
1189 2495 1243 2548 aut
1257 2493 1327 2566 post
1341 2503 1405 2546 ms-

154 2589 234 2651 diunn
256 2589 317 2649 sere
338 2606 448 2648 annum
470 2585 660 2649 DCOOXIV
682 2595 820 2648 nutante
835 2587 964 2648 medinm
979 2607 1090 2650 annum
1104 2586 1279 2650 Dcccxv
1300 2605 1326 2648 a.
1339 2607 1366 2647 u.
1379 2605 1404 2646 c.

155 2688 199 2775 (p.
223 2688 279 2751 Ch.
307 2709 337 2750 n.
359 2707 428 2749 ann.
450 2685 487 2748 61
517 2697 570 2749 aut
602 2683 658 2770 62)
690 2687 726 2748 L.
754 2686 874 2749 Caecilio
899 2696 1000 2768 patre,
1031 2697 1127 2775 matre
1160 2687 1273 2760 Plinia,
1306 2705 1406 2748 sorore

155 2789 247 2854 Plinii
279 2788 410 2867 majoris.
459 2787 514 2849 Illo
549 2806 628 2849 anno
661 2807 727 2848 eum
760 2797 864 2850 natum
892 2807 956 2850 esse
985 2789 1188 2869 cognoscimus
1214 2808 1253 2850 ex
1279 2787 1407 2869 epistola

155 2891 211 2964 VI,
232 2890 282 2963 20,
296 2888 326 2964 5,
349 2888 400 2950 ubi
421 2888 451 2950 in
474 2889 627 2969 eruptione
650 2888 775 2950 Vesuvii
797 2889 911 2951 Montis
932 2887 1027 2974 (anno
1049 2889 1302 2963 DOCCXXXIL
1324 2909 1352 2950 a.
1376 2888 1408 2950 d.

157 2991 206 3052 IX
226 2990 297 3052 Kal.
320 2985 422 3074 Sept.)
445 2988 489 3075 (p.
512 2989 567 3052 Ch.
590 3010 618 3050 n.
640 2983 697 3072 79)
728 2989 908 3071 interituque
941 2991 1078 3052 avunculi
1109 2989 1313 3052 describendis
1341 2989 1406 3069 ipse

159 3099 277 3165 narrat,
305 3110 337 3152 se
359 3090 631 3153 duodevicesimum
652 3109 763 3152 annuum
785 3099 849 3152 tum
871 3090 975 3171 egisse.
1021 3091 1101 3153 Novi
1126 3091 1212 3154 Comi
1236 3099 1354 3163 antem,
1375 3089 1406 3151 in

158 3190 315 3271 municipio
336 3191 387 3253 illo
406 3192 626 3272 transpadano,
647 3210 712 3253 eum
737 3211 801 3253 esse
824 3200 938 3266 natum,
962 3211 1015 3272 pro
1036 3199 1116 3253 certo
1141 3193 1251 3254 scimus
1272 3210 1311 3252 ex
1329 3189 1408 3252 mul-

158 3292 198 3355 tis
229 3292 301 3354 locis
329 3292 422 3373 ipsius
444 3293 653 3373 epistolarum,
687 3293 769 3355 velut
796 3293 848 3355 ubi
874 3294 963 3367 dicit,
991 3312 1024 3354 se
1053 3293 1132 3355 cirea
1156 3292 1280 3354 Larium
1308 3292 1406 3353 laeum

159 3393 309 3474 possidere
340 3393 452 3474 praedia
478 3401 606 3474 paterna
633 3402 664 3455 et
691 3403 827 3456 materna
839 3390 869 3479 ²)
891 3394 1067 3476 ”pluresque
1092 3394 1178 3456 villas
1190 3393 1234 3477 ³),
1267 3392 1319 3455 ubi
1342 3393 1408 3454 La-

159 3493 234 3556 rium
263 3495 360 3556 lacurn
389 3513 474 3555 suum
501 3490 648 3578 vocat⁴)‚
672 3494 723 3556 ubi
746 3505 972 3569 commemorat,
1000 3495 1128 3575 patriam
1152 3497 1190 3556 ad
1211 3494 1335 3557 Larium
1361 3492 1407 3554 la-

159 3615 227 3658 cum
248 3595 338 3657 sitam
361 3594 451 3657 fuisse
464 3592 512 3680 ⁵),
533 3595 585 3657 ubi
607 3595 783 3676 municipem
805 3596 868 3675 ejus
890 3595 946 3658 loci
967 3615 999 3657 se
1021 3594 1162 3680 vocati),
1184 3603 1214 3658 et
1228 3614 1266 3657 ex
1279 3592 1407 3688 inscrip-

159 3695 307 3770 tionibus,
332 3696 440 3777 quibus
461 3695 578 3758 Plinius
599 3696 748 3758 indicatur
769 3695 944 3758 Ouffentina
965 3696 1061 3772 tribu,
1086 3717 1152 3779 quae
1173 3695 1407 3760 Novo-Comen-

160 3797 201 3858 sis
223 3805 288 3859 erat
309 3796 419 3870 tribus,
441 3795 581 3882 misser).
618 3796 747 3860 Constat
767 3805 912 3878 praterea
933 3806 1064 3860 veterem
1085 3799 1166 3861 illam
1182 3807 1300 3880 gentem
1313 3792 1408 3856 (lesci-

211 3977 229 4047 ¹)
252 3981 305 4036 nuic
331 3981 435 4036 Plinius
463 3985 554 4037 minor
582 3983 717 4053 appellari
741 3984 827 4048 solet,
855 4001 889 4037 ne
911 3984 970 4053 quis
993 3991 1105 4055 propter
1126 3983 1262 4040 nominum
1285 3978 1407 4034 similitu-

163 4067 252 4121 dinem
275 4070 389 4123 eundem
412 4077 492 4140 putet
515 4076 597 4139 atque
618 4069 737 4124 Plinium
758 4071 851 4134 illum,
885 4071 930 4142 qui
955 4071 1121 4126 Naturalem
1146 4070 1302 4127 Historiam
1324 4065 1408 4134 scrip·

164 4154 212 4217 sit,
235 4155 319 4224 hujus
341 4159 520 4221 avunculum,
543 4158 588 4227 qui
611 4158 645 4210 ob
668 4159 781 4212 eandem
803 4175 912 4212 causam
935 4159 1018 4230 vulgo
1041 4163 1131 4232 major
1152 4163 1271 4213 uocatur.

207 4233 407 4306 nnnc,
538 4237 714 4311 unna
842 4237 1034 4310 nomm
1152 4237 1410 4310 nemum.

212 4405 231 4478 ¹)
254 4415 305 4469 ore.
328 4416 363 4468 de
385 4417 436 4470 hac
450 4433 480 4469 re
494 4417 514 4470 1.
530 4418 652 4482 Messon,
674 4417 716 4472 ”C.
731 4416 811 4472 Plinii
834 4416 950 4470 Secundi
971 4413 1089 4470 Junioris
1104 4412 1169 4466 Vite
1185 4413 1278 4468 ordina
1293 4412 1410 4466 Chrono-

167 4491 254 4571 logico
277 4501 397 4572 digesta*
413 4508 441 4555 et
455 4503 611 4565 Mommsen,
633 4505 702 4558 ”Zur
715 4503 978 4575 Labensgaachichte
997 4502 1178 4570 destringere
1194 4499 1320 4562 Plinius''‚
1343 4501 1411 4554 Hau·-

168 4601 231 4649 mm,
253 4584 411 4644 Zeitschrilt
432 4590 475 4644 fiir
496 4591 645 4645 Classische
666 4590 826 4662 Philologie‚
848 4589 953 4645 Dritter
966 4589 1054 4650 Bane,
1080 4585 1170 4652 1869,
1193 4606 1260 4660 quos
1275 4588 1413 4658 praecipus

168 4681 290 4730 auctores
312 4693 364 4748 ego
387 4676 414 4730 iu
436 4677 494 4732 vita
514 4676 594 4732 Plinii
617 4678 809 4733 conscribenda
830 4682 937 4732 secutus
958 4690 1026 4728 sum.

1262 4759 1278 4820 l
