3264 5332
301 451 341 510 88
788 450 815 506 1.
837 449 869 504 P.
891 447 1059 522 Lagargran.

300 621 361 688 uita
383 622 449 704 ejus
471 620 633 697 recitavit,
656 621 694 685 da
716 623 777 686 sua
798 621 885 704 pueri
906 622 936 697 4,
958 615 989 697 ’1,
1010 624 1039 685 2.
1082 619 1175 684 Facio
1194 640 1426 705 nonnumquam
1451 621 1554 684 uersiu

300 725 386 789 culos
419 743 545 787 severos
578 742 706 805 parum,
737 723 819 805 facio
845 723 874 794 6,
896 724 925 797 3,
946 725 975 786 2.
1018 724 1116 785 Prata
1138 722 1210 786 inde
1233 722 1404 807 campique:
1435 723 1553 807 campi,

301 845 379 908 quos
412 845 472 888 nou
505 824 565 887 nisi
589 824 731 905 ingentes
753 825 848 887 boves
872 832 903 886 et
925 822 1099 888 fortissima
1122 833 1231 886 aratra
1253 823 1449 904 perfringunt
1471 823 1501 898 5,
1523 823 1553 897 6,

304 927 350 989 10.
393 925 509 989 Rufum
549 922 700 988 Varenum
733 925 948 1005 proconsulem
982 925 1173 998 detulerunt,
1212 921 1365 986 Varenum
1392 925 1422 998 6,
1450 925 1553 997 20,1.

300 1025 382 1088 Ρ5111
412 1025 548 1088 honores
580 1024 682 1089 Julius
714 1027 819 1098 Naso,
846 1024 923 1109 petit
955 1045 1022 1088 cum
1051 1024 1158 1087 multis
1180 1023 1210 1099 6,
1232 1024 1262 1098 6,
1285 1024 1311 1086 1.
1355 1021 1464 1107 051155
1487 1043 1554 1099 55,

300 1124 398 1209 551155
430 1135 504 1188 5515
537 1145 628 1208 5555
662 1125 747 1188 dicat
778 1126 808 1199 6,
830 1127 882 1200 23,
903 1127 933 1189 4.
976 1123 1110 1188 Nomius
1141 1122 1294 1188 Pallantis
1316 1134 1463 1198 sanatus,
1497 1145 1555 1188 nec

302 1227 432 1308 expiata
453 1236 562 1307 postea
585 1226 673 1289 curia
694 1233 758 1300 ast,
790 1224 941 1289 Pallantis
962 1227 1082 1288 nomine
1104 1233 1230 1289 sanatus
1253 1225 1372 1307 gratias
1395 1225 1463 1307 agit
1485 1227 1554 1289 (15-

301 1327 365 1390 sari
387 1326 418 1401 8,
439 1326 469 1401 6,
492 1327 520 1390 5.
562 1325 737 1390 Racusabas
762 1327 934 1408 imperare,
956 1326 1130 1399 recusabas,
1157 1328 1238 1407 qnod
1262 1327 1339 1389 bene
1363 1333 1432 1388 erat
1455 1326 1553 1407 impe-

301 1427 401 1490 raturi
424 1430 502 1491 Pan.
525 1426 554 1490 6.
598 1424 666 1489 Hoc
689 1436 737 1490 eat
757 1427 869 1508 igitur,
902 1426 955 1490 lroa
988 1435 1036 1489 551
1069 1428 1150 1508 quod
1184 1427 1307 1508 penitus
1339 1426 1412 1488 illos
1448 1427 1553 1489 animo

301 1528 434 1592 casaris
467 1527 644 1591 insinuavit
675 1529 755 1592 Pan.
782 1526 831 1590 62.
889 1525 1001 1591 Nescio
1030 1527 1112 1608 jam,
1145 1527 1241 1590 neseio
1274 1527 1477 1608 pulchrinsne
1511 1527 1555 1590 sit

301 1627 387 1691 istud
422 1629 503 1711 quod
537 1637 693 1710 praeunte
726 1628 828 1702 nullo,
867 1647 906 1690 an
939 1629 999 1691 hoc
1035 1628 1115 1709 quod
1149 1628 1213 1690 alio
1246 1638 1404 1709 praeunte
1435 1627 1554 1708 jurasti

300 1730 378 1793 Pan.
400 1727 449 1793 64.
493 1731 565 1810 Ipse
587 1737 619 1792 te
641 1727 752 1812 lapibus
767 1728 947 1809 subjecisti,
969 1726 1098 1811 lapibus,
1122 1728 1244 1803 (laesar,
1266 1749 1344 1810 quas
1359 1748 1448 1792 nemo
1464 1728 1555 1810 prin-

300 1829 362 1911 cipi
383 1829 510 1912 scripsit
531 1831 608 1893 Pan.
630 1828 680 1892 65.
730 1826 900 1912 Voluptates
921 1837 1009 1904 suut,
1032 1827 1211 1912 uoluptates,
1235 1829 1349 1911 quibus
1372 1828 1489 1912 optime
1517 1830 1555 1893 de

300 1931 449 2013 cujusque
472 1929 630 2010 gravitate
658 1928 827 1992 sanctitate
855 1929 1066 2012 temperantia
1087 1930 1224 1992 creditur
1245 1931 1324 1994 Pan.
1345 1930 1396 1993 82.

382 2031 450 2096 Aut
480 2029 512 2093 in
545 2031 606 2094 fine
640 2029 852 2093 antecedentis
887 2039 918 2094 51
949 2030 1041 2094 151115
1070 2031 1290 2112 subsequentis
1313 2030 1555 2107 enuntiationis,

299 2133 398 2196 velut:

383 2231 512 2313 Collega
533 2230 565 2294 15
588 2231 774 2312 prafectura·
797 2231 900 2294 aerarii
914 2228 996 2315 fait,
1012 2231 1079 2318 fuit
1100 2239 1132 2293 51
1146 2231 1179 2294 15
1194 2232 1356 2296 consulatu
1369 2231 1398 2306 5,
1415 2232 1454 2295 14
1470 2231 1556 2318 (15),

297 2335 326 2397 5.
371 2333 538 2396 Balineum
561 2331 757 2412 Hispellates
791 2332 914 2413 publica
947 2330 1094 2414 praebeat,
1123 2333 1257 2416 prabent
1280 2342 1312 2395 et
1332 2333 1505 2413 hospitium
1526 2335 1556 2409 8,

298 2434 329 2510 8,
351 2433 379 2497 6.
425 2433 578 2496 Omnibus
612 2431 826 2495 adfinitatibus
859 2453 916 2515 pro
943 2433 1092 2515 cujusque
1121 2433 1226 2496 officio
1249 2434 1353 2514 gratia
1373 2432 1469 2496 relata
1492 2445 1556 2509 est,

298 2533 394 2598 relata
416 2542 448 2595 51
469 2533 560 2596 uxori
582 2532 613 2608 8,
638 2533 685 2606 18,
707 2526 736 2596 ’1.

381 2634 467 2698 Idem
493 2652 617 2716 555555
639 2634 768 2696 verbum
790 2632 918 2715 paulum
943 2635 1094 2698 deflexum
1119 2632 1246 2716 ponitur
1267 2635 1299 2697 15
1321 2635 1381 2698 fine
1409 2635 1556 2698 anuntia-

298 2733 396 2799 tionis
419 2733 634 2798 antecedentis
658 2740 691 2796 et
712 2734 804 2797 initio
828 2734 1053 2799 enuntiationis
1075 2735 1307 2816 subsequentis,
1330 2736 1431 2799 velut:

382 2836 472 2900 Siout
493 2835 564 2898 aliis
587 2833 676 2897 vitiis
698 2835 769 2898 huic
792 2855 912 2918 quoque
935 2837 1138 2918 providentia
1151 2857 1207 2899 sua
1221 2847 1397 2901 occurreret.
1441 2835 1556 2902 Occur-

299 2936 400 3012 rua,
425 2936 472 3012 19,
495 2938 524 2998 3.
567 2936 672 3009 Ρ5115,
705 2944 740 2998 51
767 2937 907 3000 Scaurus
930 2938 1036 3001 555151.
1084 2936 1186 3000 Veniet
1213 2936 1243 3012 6,
1266 2938 1316 3010 25,
1341 2939 1368 3001 1.
1412 2939 1555 3022 15155515

300 3037 376 3101 mihi
401 3037 623 3112 ministerium,
657 3043 691 3100 ut
717 3038 756 3099 ad
782 3037 942 3101 Plotinam
970 3039 1084 3102 litteras
1112 3047 1173 3102 tusa
1193 3038 1399 3122 perferantur.
1443 3038 1556 3129 Perse·

299 3149 403 3202 rentur
425 3140 455 3211 9,
476 3139 527 3213 28,
555 3139 578 3201 l.
621 3138 740 3201 Metuit
762 3144 794 3201 51
812 3133 939 3221 paruit?
954 3139 1091 3223 paruisti
1113 3139 1193 3201 anim
1217 3140 1295 3202 Pan.
1319 3138 1347 3202 9.

381 3242 544 3304 Postremo
568 3239 788 3302 concinnitatis
812 3238 971 3302 studiosus
995 3246 1028 3301 51
1049 3240 1089 3301 ad
1112 3240 1175 3301 vinu
1200 3239 1354 3302 orationis
1378 3244 1552 3322 aagendam

300 3340 550 3423 frequentissime
573 3360 646 3404 usus
669 3349 718 3403 ast
735 3339 972 3422 ”repetitione”,
995 3359 1063 3422 555
1085 3359 1183 3421 graece
1203 3335 1359 3425 5155155551
1374 3342 1500 3418 dicitnr,
1523 3353 1556 3406 et

299 3441 488 3518 ”chiasmo'’,
510 3441 562 3524 qui
586 3449 725 3515 vocatur,
747 3460 878 3522 quarum
901 3441 1070 3522 figurarum
1094 3441 1218 3504 dicandi
1241 3462 1433 3526 unaquaque
1455 3463 1554 3526 propa

299 3543 415 3625 pagina
436 3542 536 3606 55115
558 3541 741 3625 suppeditat
761 3541 919 3622 exempla,
943 3561 1072 3624 quorum
1095 3563 1197 3624 pauca
1218 3544 1366 3606 aflerant:

381 3641 464 3722 Quid
486 3643 552 3724 agit
567 3643 714 3718 Comum,
736 3650 797 3706 155
814 3661 952 3724 555555
968 3643 1108 3707 delicia?
1129 3644 1204 3728 quial
1218 3645 1428 3708 suburbanum
1447 3664 1554 3709 amos-

299 3743 488 3808 nissimum?
509 3744 584 3829 quid
605 3745 662 3808 illa
682 3743 821 3825 porticus
843 3763 941 3806 verna
963 3744 1109 3826 semper?
1130 3745 1205 3830 quid
1226 3746 1375 3828 platanon
1400 3745 1554 3826 opacissi-

300 3846 389 3909 mns?
420 3843 496 3931 quid
517 3843 653 3927 Euripus
676 3843 788 3907 viridis
812 3851 843 3907 at
865 3845 1044 3924 gemmeus?
1075 3844 1151 3930 5511
1177 3845 1335 3926 subjectns
1359 3855 1391 3910 et
1412 3846 1554 3911 serviens

298 3945 407 4010 lacus?
428 3945 503 4031 quid
525 3944 582 4008 illa
604 3944 705 4008 mollis
729 3952 761 4008 51
782 3951 889 4007 15555
904 3945 1008 4008 solida
1022 3945 1177 4027 gestatio?
1200 3947 1274 4031 5511
1289 3947 1448 4010 balineum
1465 3947 1555 4024 illud,

299 4047 382 4130 quod
404 4047 557 4130 plurimus
579 4045 627 4108 sol
649 4043 762 4125 implet
785 4053 816 4108 51
838 4044 1000 4110 circumit?
1027 4047 1102 4132 quid
1123 4047 1264 4111 triclinia
1286 4047 1343 4111 illa
1367 4049 1555 4132 popularia,

299 4147 356 4211 illa
378 4147 572 4230 paucorum?
594 4145 669 4231 quiri
690 4146 832 4210 cubicula
855 4147 967 4212 diurna
989 4148 1165 4212 nocturna?
1190 4149 1217 4222 1,
1231 4149 1261 4223 3,
1279 4150 1306 4210 1.
1350 4147 1451 4214 Eram
1466 4159 1555 4216 actu·

299 4268 351 4312 rus
374 4247 626 4314 adulescentulus
649 4247 767 4322 adhuc,
794 4269 877 4312 eram
899 4249 931 4312 iu
953 4249 1151 4332 quadruplici
1168 4248 1305 4328 judicio,
1338 4271 1421 4313 eram
1443 4261 1555 4316 contra

298 4349 537 4431 potentissimus
560 4348 699 4412 civitatis
724 4350 751 4424 l,
776 4347 824 4424 18,
845 4350 875 4411 3.
909 4349 973 4413 cfr.
995 4349 1025 4424 5,
1050 4351 1090 4414 14
1111 4346 1195 4433 (15),
1216 4350 1246 4412 8.
1278 4348 1429 4414 Dandum
1449 4355 1554 4434 proni-

299 4449 355 4512 bus
387 4451 512 4526 uxoris,
544 4449 681 4512 dandum
708 4448 780 4512 11115
802 4449 958 4523 lacrimis,
990 4450 1127 4512 dandum
1149 4449 1245 4513 etiam
1270 4451 1361 4514 nobis
1383 4451 1492 4516 amicis
1515 4476 1554 4518 55

299 4569 371 4630 spes
395 4558 522 4614 nostras
554 4551 733 4615 voluntaria
761 4557 859 4613 morte
889 4552 1048 4613 desereret
1072 4552 1100 4624 1,
1121 4553 1172 4624 22,
1193 4551 1223 4614 9.
1265 4553 1370 4633 Hujus
1394 4553 1454 4615 viri
1478 4573 1554 4617 exa-

299 4650 380 4734 5515
403 4673 545 4736 mapuum
568 4659 783 4716 oruamentum
805 4649 955 4732 principi,
977 4673 1121 4735 55555515
1142 4651 1273 4728 555515,
1296 4673 1440 4735 mausum
1455 4655 1552 4718 stiam
