3264 5332
247 475 265 528 4
724 475 750 531 J.
773 475 804 529 P.
828 474 994 546 Legsrgren.

245 645 317 708 Jun.
340 663 432 726 usque
460 641 504 735 ud·¹
526 645 597 708 Kal.
619 645 692 708 Jun.
715 663 784 707 aun.
807 642 848 707 90
872 664 899 725 p.
922 644 977 708 Ch.
1001 665 1047 719 n.,
1074 645 1211 708 tribunus
1238 643 1334 725 plebis
1355 663 1436 708 suno
1458 643 1497 707 91

246 765 274 827 p.
296 745 352 808 Ch.
376 767 404 807 n.
432 766 469 808 ex
495 766 523 808 a.
546 746 573 808 d.
596 745 643 808 IV
664 745 709 808 Id.
732 747 803 808 Dec.
837 747 875 807 ed
908 767 935 810 a.
965 747 992 808 d.
1019 745 1066 808 IV
1092 746 1138 808 Id.
1159 745 1231 808 Dec.
1254 743 1295 808 92
1321 765 1350 827 p.
1372 746 1428 810 Ch.
1453 767 1502 820 n.,

245 855 355 926 praetor
377 866 457 909 anno
479 843 520 910 93
542 866 571 927 p.
594 847 650 910 Ch.
674 867 701 908 n.
744 846 835 907 Anno
857 855 957 909 autem
980 845 1021 909 94
1043 855 1097 909 aut
1117 843 1158 910 95
1180 866 1207 927 p.
1223 846 1280 909 Oh.
1296 867 1326 908 u.
1342 847 1501 928 prefectus

244 947 340 1009 aerarii
363 946 501 1010 militaris
524 948 621 1010 lactus
643 957 705 1020 est,
727 947 806 1028 quod
828 967 933 1010 rnunus
955 947 1120 1010 obtinuisse
1142 947 1260 1010 videtur
1280 967 1373 1030 usque
1390 949 1427 1009 ad
1444 965 1500 1008 ex-

244 1056 371 1112 tremum
398 1068 508 1111 annum
531 1047 572 1110 96
597 1056 650 1111 ant
676 1042 716 1112 97
738 1067 768 1128 p.
791 1047 846 1111 Oh.
870 1069 914 1122 n.,
940 1067 1009 1110 narn
1033 1068 1111 1110 anno
1133 1045 1174 1111 98
1196 1067 1224 1129 p.
1246 1047 1302 1112 Ch.
1325 1070 1353 1110 n.
1376 1049 1500 1130 praelec·

244 1155 314 1209 tura
341 1148 457 1210 AErarii
485 1147 608 1211 Saturni
630 1149 658 1210 ei
679 1158 726 1211 est
748 1149 849 1211 delata
871 1169 890 1210 a
911 1149 1013 1211 Nerva
1036 1159 1066 1210 et
1088 1149 1232 1228 Trajano.
1276 1149 1350 1212 Post
1371 1150 1499 1231 praelec-

244 1255 342 1311 turam
364 1249 477 1312 AErarii
499 1248 638 1325 Saturni,
660 1269 726 1314 oum
749 1268 827 1311 anno
852 1249 911 1311 100
932 1269 961 1329 p.
985 1249 1041 1312 ch.
1064 1270 1092 1312 n.
1116 1249 1304 1312 consulatum
1331 1250 1445 1312 iniisset
1467 1259 1499 1311 et

244 1359 420 1429 auguratum
453 1351 491 1412 ab
523 1351 703 1432 imperatore
734 1350 865 1429 Trajauo
897 1368 977 1411 anno
1006 1351 1066 1411 lere
1097 1351 1155 1412 103
1178 1359 1233 1413 aut
1257 1351 1316 1413 104
1337 1370 1367 1431 p.
1389 1349 1445 1414 ch.
1468 1371 1497 1412 n.

243 1449 453 1531 impetrasset,
475 1462 594 1514 curator
615 1451 708 1515 Alvei
723 1450 841 1513 Tiberis
864 1469 942 1512 anno
965 1451 1024 1512 lere
1048 1449 1108 1512 loo
1129 1469 1159 1531 p.
1174 1448 1228 1513 Ch.
1245 1471 1274 1514 n.
1290 1461 1335 1514 est
1351 1449 1495 1534 l'actusl).

325 1551 360 1613 In
383 1551 444 1613 illis
467 1571 537 1615 vero
559 1552 732 1615 muneribus
755 1552 899 1614 obeundis
922 1571 991 1612 num
1014 1551 1082 1632 quid
1105 1571 1195 1632 grave
1217 1571 1416 1634 magnumque
1431 1551 1496 1614 Pli-

242 1649 308 1713 nius
330 1652 473 1726 effeoerit,
501 1654 591 1734 plane
612 1655 796 1734 ignoramus.
836 1647 957 1714 Nullam
986 1653 1063 1713 enim
1093 1653 1158 1734 ipse
1187 1653 1223 1714 de
1251 1653 1288 1714 iis
1313 1656 1495 1716 mentionem

242 1751 331 1827 lacit,
353 1761 551 1835 praeterquam
567 1755 646 1837 quod
662 1762 782 1826 narrat,
804 1772 837 1814 se
853 1761 1031 1833 quaestorem
1048 1751 1176 1817 (laseris
1193 1753 1283 1816 luisse
1297 1755 1343 1838 ²),
1365 1755 1494 1837 quietem

241 1870 328 1914 suanr
351 1854 379 1915 in
403 1854 560 1918 tribunatu
583 1853 747 1938 laudati),
769 1863 923 1935 pratorenr
946 1873 978 1916 se
1001 1852 1087 1916 ludos
1110 1854 1216 1918 fecisse
1228 1854 1259 1938 ⁴)
1281 1864 1312 1917 et
1328 1856 1494 1918 modestum

241 1953 333 2016 fuisse
354 1953 469 2018 indicat
481 1954 521 2040 ⁶).

321 2055 399 2117 Eum
422 2065 522 2118 autern
550 2053 738 2117 consulatum
764 2054 914 2118 ineuntem
938 2055 1172 2138 Panegyricum,
1200 2055 1236 2118 de
1266 2075 1324 2139 quo
1346 2057 1405 2118 ulio
1429 2055 1494 2118 loco

238 2154 353 2230 dicam,
375 2155 506 2235 Trajeno
529 2155 639 2217 dixisse
662 2155 799 2218 omnibus
822 2161 868 2218 est
889 2166 1002 2218 noturn.
1035 2157 1192 2219 Postremo
1208 2158 1374 2240 prudentia
1385 2157 1493 2232 Plinii,

238 2275 304 2319 cum
326 2276 346 2318 a
367 2256 498 2337 Trajano
520 2257 550 2319 iu
573 2254 748 2338 Bithyniam
770 2267 801 2318 et
822 2257 950 2320 Pontum
985 2258 1099 2337 legatus
1121 2278 1173 2338 pro
1196 2269 1322 2338 praetore
1345 2257 1493 2321 consulari

236 2364 388 2437 potestate
412 2356 519 2419 missus
542 2365 621 2419 esset
653 2354 748 2440 (anno
779 2364 836 2418 lere
863 2359 918 2419 112
943 2379 970 2438 p.
995 2358 1048 2419 Ol.
1073 2357 1133 2440 ιι),
1157 2360 1234 2420 latus
1257 2379 1378 2440 caurpus
1405 2368 1493 2438 pate·

238 2457 305 2531 bat,
337 2457 364 2517 si
391 2465 452 2518 tam
476 2457 588 2538 peritus
611 2459 717 2521 luisset
737 2459 900 2539 provincias
922 2459 1182 2533 administrandas,
1211 2478 1296 2539 quarn
1320 2459 1405 2522 multi
1426 2461 1493 2521 cxi·

236 2557 399 2618 stimarunt
419 2557 510 2620 Plinii
533 2558 714 2622 laudatores.
763 2560 827 2638 Ego
855 2569 961 2621 contra
988 2560 1060 2621 mihi
1087 2559 1190 2621 videor
1217 2559 1247 2620 in
1274 2560 1406 2640 epistolis
1432 2560 1492 2622 illis

237 2675 274 2718 ex
300 2657 444 2739 Bithynia
466 2656 627 2744 (Ruinam)
656 2661 693 2721 ad
720 2661 884 2739 Trajanum
913 2660 1009 2722 missis
1037 2660 1227 2722 inscientiam
1251 2660 1346 2740 legum
1375 2679 1492 2722 rerum-

237 2776 294 2839 que
317 2759 447 2820 civilium
469 2759 617 2834 invenire,
645 2760 691 2823 cui
716 2761 766 2822 vix
787 2762 829 2822 sit
855 2762 1066 2842 ignoscendum
1089 2761 1118 2822 in
1142 2761 1204 2823 viro
1226 2768 1288 2823 tarn
1311 2779 1400 2842 grave
1424 2780 1491 2824 mu-

238 2877 294 2920 nus
315 2860 475 2922 obtinente.
518 2860 579 2924 Sed
600 2862 638 2923 ad
661 2881 721 2924 rem
744 2862 909 2924 redeamus.

321 2960 356 3022 In
384 2961 537 3041 provincia
564 2962 652 3042 igitur
680 2962 732 3024 illa
761 2960 893 3046 (Pontus
916 2972 945 3023 et
967 2961 1111 3043 Bithynia
1133 2982 1192 3024 una
1213 2962 1368 3044 provincia
1390 2961 1488 3047 erat),

238 3077 303 3140 quae
336 3070 406 3124 ante
440 3081 458 3122 a
491 3063 713 3143 proconsulibus
747 3063 853 3126 annuis
882 3071 946 3125 erat
972 3063 1198 3137 administrata,
1231 3081 1327 3124 rerum
1353 3065 1486 3126 ordinem

238 3161 358 3222 omnino
392 3161 485 3224 luisse
516 3165 721 3244 perturbatum
749 3183 788 3225 ex
815 3163 916 3226 multis
946 3162 1080 3244 epistolis
1103 3183 1121 3224 a
1143 3163 1239 3226 Plinio
1261 3164 1301 3226 ad
1323 3164 1486 3244 Trajanunr

238 3259 336 3324 missis
363 3271 496 3343 apparet.
540 3265 667 3345 Propter
689 3264 921 3327 inconstantiam
947 3263 1024 3325 enirn
1048 3272 1078 3325 et
1101 3264 1299 3327 temeritatem
1322 3285 1487 3346 proconsu-

238 3362 298 3423 lum
327 3362 429 3425 multae
457 3365 603 3427 lectiones
631 3374 704 3426 ortae
738 3376 824 3427 erant
851 3363 1006 3449 (hetaerias
1039 3361 1221 3449 vocabant),
1248 3384 1313 3447 quae
1341 3368 1378 3430 ad
1410 3367 1486 3429 ’'illi-

238 3463 312 3524 citos
346 3464 466 3526 coetus’'
499 3465 657 3527 convenire
696 3466 833 3527 solebant
871 3483 950 3545 sape
989 3465 1119 3527 civitatis
1152 3467 1362 3546 perturbandae
1394 3486 1486 3530 cause

236 3561 339 3625 aliisve
362 3565 448 3626 rnalis
469 3567 600 3629 consiliis
623 3564 771 3650 ductat).
824 3567 912 3628 Multi
940 3577 1040 3628 autem
1063 3567 1261 3647 provinciales
1284 3567 1417 3630 damnati
1438 3568 1486 3630 vel
1590 3641 1592 3646 .

237 3664 378 3744 relegati,
411 3685 476 3727 curn
504 3686 598 3729 novus
626 3667 655 3728 in
685 3666 867 3747 provinciam
891 3668 1047 3747 proconsul
1078 3679 1217 3743 venerut,
1250 3688 1360 3749 poenas
1387 3669 1486 3732 nescio

237 3785 293 3846 quo
316 3768 402 3828 ruodo
425 3767 620 3847 effugiebant,
646 3788 706 3850 qua
728 3766 764 3828 de
786 3787 817 3828 re
839 3767 954 3830 Plinius
976 3789 1053 3849 saepe
1074 3770 1103 3831 in
1119 3770 1252 3851 epistolis
1268 3769 1306 3832 ad
1321 3770 1485 3850 Trajauum

237 3867 335 3928 missis
358 3867 497 3948 queritur.
540 3868 690 3931 Praeterea
712 3869 843 3930 rationes
864 3870 989 3950 publicos
1013 3871 1171 3932 admodum
1194 3872 1375 3952 perturbetae
1393 3872 1485 3935 fuisse

237 3987 406 4050 magnasque
439 3969 571 4048 pecuniae
604 3971 633 4030 iu
666 3968 793 4049 publicis
820 3970 958 4051 operibus
985 3971 1135 4036 inchoatis
1164 3991 1217 4033 nec
1246 3971 1384 4050 perlectis
1412 3993 1485 4036 con-

237 4129 433 4144 ⁴¹⁸¹——

284 4215 302 4289 ¹)
324 4222 383 4276 Non
407 4222 473 4276 nihil
497 4229 586 4277 lumen
610 4225 646 4279 ab
670 4224 710 4279 his
733 4226 882 4282 rationibus
905 4228 1052 4281 abhorrent
1074 4224 1201 4280 Messenii
1224 4222 1314 4288 illius,
1336 4242 1416 4296 quern
1438 4243 1483 4280 su·

235 4323 286 4376 pra
308 4309 519 4365 commemoravi.

278 4387 301 4457 2ι
325 4394 352 4456 ⁷.
378 4395 425 4458 16.
451 4395 476 4451 a.
612 4389 633 4460 ³)
656 4398 722 4453 Pan.
746 4398 794 4453 95.
929 4394 952 4465 ⁴)
977 4399 1003 4463 ι,
1031 4401 1077 4462 ιι,
1100 4397 1128 4452 4.
1262 4387 1285 4459 ⁵)
1307 4395 1373 4450 Pan.
1396 4395 1445 4450 ss.

278 4471 301 4542 6)
324 4483 366 4534 Ad
391 4483 459 4536 tales
482 4491 574 4537 coetus
596 4484 760 4539 Christianos
783 4503 890 4557 quoque
913 4488 984 4540 coire
1005 4485 1092 4540 Plinio
1116 4483 1141 4536 in
1165 4480 1342 4550 suspicionem
1363 4490 1482 4546 venerat,

235 4567 306 4633 quod
335 4567 453 4623 solerent
478 4577 550 4626 stato
579 4571 623 4624 die
652 4579 716 4627 aule
745 4574 833 4627 lucem
855 4573 997 4626 convenire
1019 4587 1180 4639 carmenque
1203 4565 1308 4620 Christo
1332 4567 1420 4622 dicere
1441 4588 1481 4624 se·

235 4667 295 4707 cuns
318 4652 430 4710 invicem
457 4658 504 4721 10,
528 4659 568 4714 96
591 4658 664 4726 (Pl),
689 4660 715 4713 'l.
