3264 5332
369 452 410 507 De
432 453 492 508 vita
513 455 542 508 et
564 452 719 508 elocutione
741 453 770 510 6.
794 455 878 510 Plinii
900 455 1001 512 desilii
1022 455 1148 512 Secundi.
1347 461 1384 514 37

138 635 354 698 consummata,
376 627 431 688 sed
453 633 576 689 tantum
602 635 783 688 commutata
799 626 967 691 videantur
987 630 1065 692 Pan.
1081 629 1130 692 51.
1173 631 1246 692 Iste
1262 629 1386 711 quidem
1463 675 1465 680 ,

136 745 216 786 eree
237 723 385 809 (010100)
408 735 440 788 01
461 747 567 808 paucae
591 734 719 789 manent
740 729 984 810 manebuntque3
1016 729 1078 793 illas
1108 737 1214 793 sutem
1237 751 1335 792 aureae
1357 739 1389 792 01
1454 783 1457 790 .

136 825 379 889 innumerabiles
411 835 516 907 strage
550 837 582 888 st
613 828 703 890 ruina
737 829 861 909 publico
890 831 1005 910 gaudie
1032 831 1205 894 litaverunt
1236 829 1386 894 Ρο0.112.

134 927 201 990 Scis
235 927 350 1008 quibus
383 926 523 990 laudibus
545 936 581 989 ut
601 926 776 990 laudandus
798 929 922 992 viderer
944 932 1087 995 effecerit
1109 933 1132 1005 l,
1157 933 1205 1006 14,
1230 932 1256 994 l.
1299 932 1388 994 Iuter

133 1027 224 1089 rnelta
247 1029 366 1090 scelera
394 1028 555 1091 multorum
587 1029 704 1092 nullum
737 1030 874 1092 atrocius
903 1031 1085 1106 videbatur,
1114 1052 1206 1114 quam
1241 1033 1322 1113 quod
1356 1031 1386 1094 in

132 1139 236 1190 senatu
258 1139 378 1192 senator
393 1130 525 1192 senatori
548 1149 673 1192 manum
696 1130 855 1193 intulisset
875 1129 905 1205 9,
929 1132 977 1206 13,
998 1134 1027 1195 2.
1072 1134 1100 1196 E
1121 1141 1281 1218 spectatore
1303 1152 1387 1216 speo-

132 1229 263 1292 tacuium
286 1232 387 1293 iaetus
410 1233 489 1294 Pan.
511 1232 561 1293 33.

214 1331 277 1394 Sed
311 1332 390 1394 talia
425 1332 568 1412 exempla
597 1332 681 1411 apud
706 1332 846 1412 quemvis
869 1332 1055 1415 scriptorem
1083 1331 1386 1415 1000010000οω-

133 1453 223 1513 quam
258 1433 393 1495 fortasse
426 1423 548 1496 rariora
576 1443 651 1494 sunt
677 1440 761 1495 certe
783 1434 867 1512 apud
890 1453 1007 1506 aureae,
1031 1453 1097 1515 quae
1119 1445 1258 1512 vocatur,
1280 1435 1386 1498 aetatis

131 1533 300 1614 scriptores
334 1553 425 1616 quam
458 1535 543 1614 apud
575 1533 726 1597 Plinium.
769 1535 928 1597 Praeterea
957 1545 992 1598 ut
1018 1534 1050 1596 in
1072 1534 1218 1615 proximo
1241 1535 1384 1616 exemplo

130 1635 307 1716 superiore,
340 1636 388 1698 ita
410 1635 583 1717 sepissime
606 1635 686 1696 idem
709 1634 836 1697 verbum
860 1637 986 1717 paulum
1009 1635 1209 1702 immutatum
1233 1643 1265 1698 et
1288 1636 1385 1698 defle-

129 1755 203 1798 xum
226 1736 368 1816 ponitur:

211 1835 309 1917 Apud
342 1837 431 1900 illum
466 1837 591 1918 quidem
624 1839 702 1900 ratio
735 1838 895 1911 rationem,
928 1839 1010 1918 apud
1033 1837 1113 1901 alios
1137 1837 1274 1900 timorem
1296 1836 1386 1900 timor

129 1937 257 2010 vicit6,
282 1936 403 2011 16,16.
447 1938 550 2000 Video
573 1939 702 2008 multos,
736 1945 771 2000 ut
803 1939 882 2000 bane
904 1947 1025 2019 agerent
1059 1938 1173 2020 spendo
1202 1945 1384 2000 consecutos

129 2035 157 2112 6,
178 2037 230 2112 29,
253 2039 281 2100 5.
325 2039 480 2118 Superest
508 2059 544 2100 ne
578 2059 681 2102 rursus
719 2037 912 2122 (provincia)
946 2047 1021 2119 agat
1039 2039 1251 2122 paenitentiam
1275 2039 1385 2120 poeni·

128 2139 224 2201 lentie
245 2159 309 2203 000
331 2135 361 2214 7,
387 2141 435 2214 10,
457 2141 485 2201 3.
509 2139 589 2221 (cfr.
614 2137 875 2214 0001.10,7,12.
912 2139 1124 2203 ''Poeuitebet
1146 2140 1239 2202 modo
1262 2139 1384 2200 consilii

129 2240 217 2301 modo
240 2240 443 2321 poenitentiae
466 2240 612 2324 ipsius'’).
657 2240 780 2303 Habuit
805 2240 942 2321 tulitque
968 2240 1000 2302 in
1017 2239 1142 2303 eaiiiurn
1156 2238 1242 2302 cciiii
1256 2259 1382 2302 causam

129 2336 280 2415 7,19,6.
324 2342 462 2422 Longior
495 2341 599 2404 causis
632 2341 748 2403 timoris
776 2341 866 2402 timor
894 2349 963 2403 erat
985 2336 1015 2414 7,
1037 2335 1089 2416 27,
1111 2340 1140 2404 6.
1184 2339 1285 2412 Quam
1321 2359 1382 2403 000

130 2441 231 2504 eadem
254 2443 414 2506 decadem
436 2463 493 2504 nec
514 2449 619 2505 tamen
644 2442 770 2504 diversa
802 2441 914 2503 dixisti
942 2441 978 2516 9,
1001 2443 1056 2516 31,
1082 2444 1107 2503 l.
1150 2443 1259 2505 Ruens
1282 2441 1384 2522 impe-

132 2542 209 2606 rium
244 2563 337 2624 super
368 2542 580 2626 imperatorem
611 2542 802 2625 imperatoris
829 2543 888 2604 tibi
921 2562 997 2605 0000
1021 2543 1158 2605 deletum
1182 2550 1231 2604 001
1253 2543 1345 2604 Pan.
1355 2541 1383 2605 6.

132 2643 281 2706 Obtulisti
305 2643 496 2724 congiarium
518 2642 719 2726 paredentibus
742 2643 878 2724 pandens
899 2664 1078 2727 securusque
1102 2643 1214 2707 securis
1235 2644 1312 2706 Pan.
1332 2642 1382 2706 28.

131 2743 204 2806 Sum
229 2745 333 2807 omnia
354 2755 496 2828 raperent
518 2753 549 2806 et
570 2754 661 2828 rapta
682 2744 865 2818 retinerent,
888 2743 960 2806 0101
975 2743 1054 2806 nihil
1069 2745 1250 2827 rapuissent,
1272 2743 1383 2805 defue-

131 2843 194 2904 rint
216 2845 321 2908 omnie
342 2847 420 2909 Pan.
443 2846 493 2908 41.
531 2844 698 2927 Quousque
725 2843 857 2907 absentes
872 2844 909 2908 de
923 2843 1040 2907 absente
1055 2843 1281 2925 gaudebimus?
1302 2845 1381 2907 Pan.

130 2943 177 3008 59.
212 2946 274 3009 Gir.
298 2945 413 3008 Absens
434 2946 471 3006 de
493 2944 661 3008 absentibus
684 2945 799 3008 nemini
823 2944 923 3025 magis
947 2963 1040 3025 quam
1055 2945 1122 3008 'tibi
1145 2946 1286 3008 crederes
1304 2946 1382 3008 Pan.

133 3043 176 3109 19.
220 3045 320 3110 Nemo
341 3068 454 3120 omnes,
476 3047 623 3108 nerninem
643 3068 744 3108 ornnes
766 3045 935 3108 fefellerint
956 3048 1034 3108 Pan.
1058 3045 1107 3108 62.

211 3149 373 3228 Praeoipue
396 3149 442 3210 010
465 3156 663 3228 0000000100
685 3149 793 3210 formae
808 3147 914 3208 activa
930 3154 961 3208 et
975 3147 1105 3226 passiva
1121 3145 1260 3226 ejusdem
1276 3145 1379 3210 verbi:

129 3247 313 3311 Persuaderi
334 3248 411 3322 tibi,
434 3248 529 3311 etiam
554 3269 620 3310 cum
642 3248 837 3330 persuaserit,
860 3247 969 3327 cupias
993 3249 1021 3322 1,
1045 3248 1093 3322 10,
1115 3242 1144 3310 7.
1187 3247 1237 3310 Ea
1261 3247 1381 3309 invasit

129 3349 269 3412 homiues
292 3349 430 3412 habendi
453 3349 580 3430 cupido,
609 3358 644 3411 ut
661 3348 814 3433 possideri
836 3349 935 3429 magis
959 3367 1051 3430 quam
1070 3347 1226 3432 possidere
1247 3347 1380 3411 videan-

129 3457 177 3512 tur
199 3450 230 3523 9,
252 3451 303 3525 30,
324 3451 353 3512 4.
377 3449 458 3534 (010.
481 3450 558 3512 illud
574 3450 748 3533 Aristippi:
771 3448 831 3530 ἔχω
853 3444 909 3513 aiu
930 3447 1058 3532 ἔχομαι,
1083 3449 1164 3531 00001
1181 3448 1379 3512 (110000000-

128 3551 178 3613 tit:
202 3551 314 3612 ''labeo
345 3571 405 3612 non
426 3549 554 3614 kabeor''
594 3553 653 3632 Ep.
677 3556 766 3614 Fam.
789 3551 820 3627 9,
841 3552 893 3626 26,
915 3554 944 3614 2.
987 3551 1085 3634 ”Agit
1106 3547 1261 3635 (enimus)
1285 3559 1377 3631 atque

129 3651 212 3715 tabet
235 3661 358 3726 000010,
389 3671 445 3714 000
467 3652 534 3733 1000
558 3651 697 3714 liabetur*
720 3653 796 3716 Sall.
819 3655 890 3734 Jug.
913 3655 942 3727 2,
965 3651 1010 3734 3.)
1053 3653 1098 3717 Ut
1115 3671 1261 3714 reversus
1276 3650 1377 3730 impe-

130 3761 225 3828 rator,
248 3753 299 3835 qui
317 3753 460 3834 privatus
476 3752 613 3826 exieras,
635 3752 786 3837 agnoscis,
808 3751 995 3836 agnosceris!
1016 3755 1092 3817 Pan.
1107 3753 1158 3815 21.
1201 3754 1375 3832 Postquam

130 3873 186 3916 non
210 3854 330 3917 001001
353 3855 527 3927 suadeatur,
561 3854 612 3934 qui
635 3855 781 3917 suadeant
803 3874 865 3918 000
889 3863 960 3919 0001
981 3857 1060 3917 Ρο0.
1082 3854 1133 3916 41.
1176 3847 1376 3916 iucundissi-

130 3975 208 4017 mum
233 3955 334 4016 estin
357 3956 449 4018 rebus
471 3955 614 4017 humenis
637 3955 753 4029 ornari,
774 3955 829 4016 sed
853 3975 914 4018 000
938 3955 1037 4018 miuus
1060 3974 1163 4018 amare
1183 3954 1260 4016 Pan.
1282 3949 1333 4012 86.

209 4058 294 4119 Vere
326 4055 505 4119 Plinianum
537 4055 570 4116 id
604 4075 722 4136 quoque
751 4063 814 4128 est,
847 4057 929 4137 quod
956 4055 1039 4118 idem
1060 4055 1189 4118 verbum
1211 4053 1243 4114 in
1265 4051 1374 4114 eadem

130 4156 299 4218 formabis
322 4156 448 4237 ponitur
469 4165 524 4218 aut
546 4155 578 4218 in
602 4156 709 4218 eadem
733 4157 965 4231 enuntiatione,
986 4156 1085 4220 velut:

209 4255 312 4318 Amisi
345 4256 442 4330 enim,
474 4256 564 4317 amisi
595 4256 669 4318 vitae
704 4276 779 4319 meae
812 4264 924 4320 testem
956 4266 1108 4320 rectorem
1141 4251 1320 4334 magistrum
1346 4253 1373 4326 l,

132 4357 247 4431 12,12.
291 4358 327 4419 10
351 4356 454 4438 000110
477 4357 563 4440 xysti
587 4357 681 4420 diaeta
704 4365 766 4432 001,
799 4379 915 4421 amores
938 4358 1013 4432 mei,
1045 4375 1077 4418 re
1110 4371 1323 4417 rememores
1345 4355 1375 4426 2,

134 4451 176 4531 17,
198 4459 249 4520 20.
291 4458 353 4520 Η10
375 4458 436 4519 0011
458 4457 600 4538 epistulae
613 4457 705 4542 finis,
732 4478 765 4520 re
787 4476 863 4521 vera
875 4457 953 4543 pinis
974 4460 1004 4531 3,
1024 4455 1055 4530 9,
1076 4449 1125 4517 37.
1166 4450 1304 4539 Difficile
1326 4459 1375 4515 001

131 4555 283 4643 hucusque
305 4559 466 4622 intendere
489 4559 624 4621 animum
646 4558 819 4634 indolere,
840 4557 962 4649 difficile
982 4558 1011 4629 3,
1035 4556 1082 4632 10,
1104 4553 1133 4619 6.
1176 4555 1308 4619 Librum
1334 4555 1373 4618 de
