3264 5332
379 429 420 483 De
442 428 502 484 vita
523 430 552 483 et
573 427 728 481 elocutione
750 426 779 481 O.
802 425 887 480 Plinii
908 424 1010 480 Caecilii
1032 423 1158 478 Secundi.
1358 415 1394 468 31

150 619 254 664 verum
279 607 329 662 est
350 600 431 662 illud
453 600 617 674 Platonis,
638 599 762 682 ’'qualis
785 600 878 660 homo
902 599 957 673 sit,
981 598 1075 660 talem
1100 596 1167 674 ejus
1191 612 1257 655 esse
1280 609 1397 652 sermo-

149 701 247 774 nem'',
269 691 515 764 consentaneum
538 710 586 763 est
609 721 647 764 ex
670 701 725 762 illa
748 700 843 763 animi
868 700 1003 762 mollitia
1026 696 1149 760 mollem
1172 693 1301 756 fluxisse
1325 709 1397 752 ora-

147 803 263 866 ticnem
286 809 319 864 ct
341 802 519 865 delicatam.

227 905 311 979 Jam,
334 914 368 967 ut
389 904 516 966 tandem
540 904 580 966 ad
603 904 635 966 id
658 904 777 985 ipsum,
800 904 883 982 quod
911 901 1105 984 propositum
1129 907 1194 970 est,
1218 895 1348 968 veniam,
1371 897 1397 957 si

146 1005 184 1068 ad
208 1001 418 1068 elocutionem
442 1005 538 1067 Plinii
562 1004 699 1066 animum
722 1003 926 1076 advertimus,
951 1001 1141 1083 reperiemus
1161 997 1398 1060 numerationis

145 1105 328 1187 integritate
352 1104 484 1188 propius
507 1105 664 1187 plerisque
689 1105 827 1184 ejusdem
851 1104 954 1166 aetatis
973 1101 1177 1183 scriptoribus
1194 1100 1339 1162 accedere
1359 1099 1398 1159 ad

144 1227 281 1281 auream,
305 1227 372 1289 quae
395 1213 539 1282 vocatur,
569 1207 776 1280 latinitatem,
800 1225 835 1267 ac
858 1225 932 1267 sane
957 1204 1077 1276 dubito,
1100 1221 1139 1262 an
1164 1208 1277 1281 praeter
1300 1198 1399 1271 Quin-

143 1308 284 1371 tilianum
307 1327 398 1370 nemo
421 1308 585 1390 aequalium
608 1309 640 1370 in
663 1327 700 1370 ea
723 1327 755 1370 re
785 1306 887 1387 possit
909 1326 975 1368 curn
1000 1325 1035 1367 eo
1059 1302 1245 1382 comparari.
1289 1302 1398 1382 Neque

144 1417 246 1472 tamen
270 1410 297 1472 is
320 1429 436 1472 vacuus
460 1419 529 1471 erat
549 1409 652 1483 vitiis,
675 1409 702 1470 si
727 1407 851 1491 quidem
874 1407 954 1468 vitia
977 1406 1110 1468 dicenda
1131 1412 1217 1476 sunt,
1240 1412 1398 1482 argenteae

143 1511 256 1572 astatis.
311 1509 405 1580 Quod
439 1519 542 1588 autem
576 1509 757 1572 Ciceronem
791 1509 852 1570 sibi
886 1509 927 1568 ad
960 1507 1145 1568 imitandum
1178 1513 1398 1585 proposuerat,

143 1630 328 1692 quamquam
352 1631 411 1673 non
435 1611 540 1690 potuit
561 1631 695 1691 aequare,
717 1630 783 1672 cum
810 1629 907 1690 neque
921 1609 990 1688 pari
1006 1606 1130 1686 ingenio
1147 1605 1298 1684 praeditus
1315 1613 1399 1666 esset

143 1722 174 1774 et
195 1712 324 1775 nimium
348 1731 411 1774 suae
435 1711 538 1774 aetatis
558 1711 679 1791 jndicio
702 1711 874 1784 tribueret,
898 1710 1033 1771 medium
1051 1715 1154 1769 tamen
1171 1706 1397 1786 quodammodo

142 1813 224 1875 inter
246 1813 389 1875 nativum
412 1813 537 1875 dicendi
560 1832 655 1893 genus
679 1820 818 1874 veterum
842 1811 1029 1892 scriptorum
1053 1819 1083 1870 et
1111 1814 1266 1887 argentea
1293 1807 1398 1868 aetatis

89 1924 92 1930 '
144 1922 288 1996 argutum
311 1922 343 1976 et
365 1914 569 1976 artificiosum
592 1913 743 1976 studebat
764 1921 880 1977 tenere.
924 1911 1017 1982 Quod
1045 1909 1169 1992 quidem
1185 1908 1322 1970 studium
1337 1927 1398 1969 non

143 2015 269 2078 omnino
291 2015 417 2078 irritum
442 2015 511 2078 fuit.
556 2014 672 2078 Omnes
695 2015 778 2078 enim
802 2013 943 2095 epistolae
967 2013 1034 2092 ejus
1056 2010 1163 2094 politae
1185 2008 1308 2090 quidem
1326 2017 1398 2072 sunt

143 2126 174 2180 et
196 2117 330 2191 limatae,
352 2117 408 2178 sed
431 2117 525 2178 nimis
548 2136 629 2198 saepe
654 2117 761 2178 dedita
785 2135 882 2196 opera
904 2114 1042 2197 quaesitae
1064 2112 1228 2175 sententiae
1250 2109 1398 2173 videntur

142 2219 325 2300 animusque
340 2219 447 2300 potius
464 2218 565 2298 rigido
582 2218 712 2298 frigore,
736 2237 829 2301 quam
842 2217 979 2295 jucunda
994 2215 1156 2278 hilaritate
1172 2213 1237 2274 illis
1253 2212 1396 2293 epistolis

143 2319 281 2401 legendis
303 2319 523 2402 perfunditur,
547 2320 622 2401 quia
644 2338 745 2381 sermo
762 2319 792 2380 in
808 2319 848 2380 iis
864 2325 985 2379 tantum
1003 2317 1153 2378 abhorret
1167 2315 1207 2376 ab
1223 2313 1291 2388 illo,
1314 2314 1397 2395 quod

142 2421 173 2482 in
204 2421 348 2502 epistolis
372 2428 603 2501 exspectamuS,
628 2421 776 2482 familiari
794 2428 825 2482 et
841 2420 939 2481 minus
956 2418 1117 2480 elaborato
1134 2435 1245 2496 genere
1263 2415 1396 2490 dicendi,

143 2531 250 2584 utnon
274 2521 436 2601 epistolas,
459 2523 514 2583 sed
537 2521 824 2601 disputatiunculam
840 2530 870 2583 te
894 2520 996 2600 legere
1019 2520 1127 2581 credas
1151 2537 1187 2579 ac
1207 2517 1312 2597 potius
1328 2518 1397 2579 exi-

143 2622 262 2696 stimes,
285 2622 470 2702 scriptorem
493 2623 525 2684 in
550 2623 655 2684 animo
673 2622 823 2683 habuisse
847 2621 969 2683 erudite
992 2622 1029 2681 de
1053 2641 1085 2682 re
1107 2622 1272 2701 proposita
1296 2622 1396 2685 disse-

144 2744 210 2786 rere
233 2742 326 2805 qnam
350 2723 499 2784 familiari
522 2723 677 2803 colloquio
701 2724 800 2784 amico
831 2722 1010 2784 reconditos
1039 2721 1139 2783 animi
1162 2741 1285 2798 sensus,
1312 2724 1396 2804 cogi·

143 2825 289 2898 tationes,
312 2824 492 2886 voluntates
515 2824 701 2904 simpliciter
724 2825 899 2898 effundere,
930 2823 1013 2904 quod
1035 2822 1136 2902 ipsum
1165 2825 1325 2904 proprium
1349 2837 1397 2889 est

144 2924 357 3006 epistolarum.
401 2927 571 2999 Praeterea,
593 2943 654 3005 qna
676 2925 800 2987 Plinius
824 2933 893 2986 erat
909 2923 1049 2985 vanitate
1067 2930 1097 2985 et
1112 2923 1343 3004 inconstantia,
1359 2948 1396 2989 ne

143 3026 358 3106 imperitorum
376 3025 498 3106 quidem
511 3024 632 3104 judicia
647 3025 803 3106 negligere
819 3026 956 3087 audebat
971 3013 1008 3107 ¹),
1030 3045 1156 3106 cumque
1173 3025 1308 3088 libenter
1323 3048 1395 3090 suas

142 3126 241 3206 ipsius
264 3125 397 3189 virtutes
414 3126 503 3208 quasi
520 3125 760 3207 conspiciendas
777 3127 980 3199 demonstret,
1004 3125 1076 3187 inde
1093 3126 1189 3186 animi
1207 3146 1325 3201 eorum,
1341 3129 1395 3210 qui

143 3226 265 3306 legunt,
288 3226 455 3307 injucunde
478 3227 667 3290 afficiuntur.
711 3227 826 3289 Nescio
850 3247 890 3288 an
914 3226 1195 3307 praestantissimas
1217 3228 1312 3291 fuerit
1326 3230 1396 3292 Pli-

142 3327 212 3389 nius
235 3326 267 3388 in
280 3327 529 3398 amoenitatibus¹
541 3328 678 3391 locorum
696 3328 911 3390 describendis
926 3330 970 3410 ²),
992 3328 1023 3389 in
1041 3328 1166 3389 fabellis
1181 3331 1347 3392 narrandis
1357 3332 1396 3414 ³),

141 3428 174 3490 in
198 3427 377 3491 domesticis
401 3429 493 3491 rebus
517 3429 722 3510 depingendis
737 3429 785 3511 ⁴),
809 3428 863 3490 sed
886 3429 918 3490 in
942 3428 992 3489 his
1016 3428 1092 3490 locis
1116 3449 1198 3510 saepe
1215 3431 1348 3494 concisae
1365 3442 1397 3504 et

141 3529 229 3610 quasi
252 3528 416 3609 dissipatae
438 3536 513 3591 sunt
534 3530 699 3592 sententiae
723 3530 884 3610 omnisque
908 3530 1010 3592 oratio
1034 3529 1136 3592 colore
1161 3533 1295 3611 quodam
1318 3541 1395 3614 pob-

142 3631 203 3693 tico
237 3639 286 3691 est
316 3631 460 3710 perfusa,
483 3630 516 3691 id
539 3633 622 3712 quod
645 3632 743 3710 magis
767 3631 862 3693 etiam
886 3631 1023 3692 cernitur
1046 3631 1077 3692 in
1100 3633 1311 3715 Panegyrico,
1341 3635 1393 3696 ubi

142 3729 284 3793 omnibus
316 3729 441 3792 dicendi
476 3731 617 3792 artificiis
652 3749 764 3792 ornare
798 3741 1011 3812 argumentum
1041 3741 1072 3793 et
1093 3735 1320 3796 sententiarum
1344 3735 1393 3796 in-

142 3832 243 3912 opiam
266 3830 388 3892 studuit
410 3831 521 3893 celare.
564 3833 724 3894 Praeterea
746 3852 814 3894 curn
839 3833 869 3893 in
894 3852 929 3893 eo
953 3834 993 3894 ad
1016 3834 1207 3896 humillimas
1224 3835 1392 3896 blanditias

142 3931 339 3994 descenderit
371 3931 511 4012 adeoque
545 3941 635 3994 extra
662 3933 786 3994 modum
815 3933 846 3993 in
875 3932 1018 3995 laudibus
1041 3935 1172 4014 Trajani
1196 3934 1392 3998 celebrandis

141 4033 190 4093 vel
214 4031 320 4113 potius
343 4031 548 4112 depingendis
572 4052 713 4112 egressus
736 4033 789 4106 sit,
815 4042 848 4096 ut
867 4054 933 4095 eum
952 4037 1118 4097 secundum
1137 4037 1250 4096 aJove
1267 4034 1391 4120 dicat⁵)

142 4139 238 4214 atque
261 4132 355 4194 etiarn
380 4133 440 4193 diis
463 4131 543 4212 ipsis
565 4141 732 4214 praepcnat
753 4141 785 4194 et
807 4135 960 4214 ejusmodi
983 4136 1119 4217 ineptias
1149 4134 1296 4209 ebulliat,
1326 4137 1392 4200 haec

142 4233 329 4294 declamatio
353 4251 415 4294 non
439 4239 545 4313 potest
566 4234 691 4296 taedium
716 4254 776 4296 non
799 4254 933 4299 movere.

231 4444 360 4516 baa
517 4445 1028 4517 ²waaaasssmu

228 4545 383 4618 baffi·
517 4548 718 4620 tama
872 4550 1261 4622 amnmumn
1363 4601 1369 4622 ,
