3264 5332
299 422 339 479 40
651 468 658 494 u
789 416 814 470 J.
838 415 868 469 P.
892 415 1059 486 Lagergren.

300 590 338 653 de
361 587 491 668 flagitiis
513 586 705 662 Domitiani,
727 590 765 652 de
787 587 927 671 nequitia
948 587 1062 669 Reguli
1079 586 1230 670 queritur,
1252 585 1304 652 ubi
1320 586 1455 652 amicum
1471 589 1550 652 bene

301 689 446 753 meritum
479 690 675 752 commendat
708 679 876 772 laudesque
900 689 1032 770 alicujus
1055 689 1242 770 amplificat,
1272 688 1323 752 ubi
1347 689 1553 752 amoenitates

301 791 443 853 villarum
467 811 592 852 suarum
618 789 773 872 depingit,
797 791 848 853 ubi
871 798 979 872 gratas
1003 791 1156 872 quasdam
1177 789 1311 852 fabellas
1339 797 1466 864 narrat,
1500 791 1553 852 ubi

302 891 474 964 horridam,
498 911 591 972 quam
615 899 809 972 erumpentes
831 891 917 973 ignes
933 890 1066 955 Vesuvii
1082 891 1197 954 montis
1214 890 1394 964 ediderunt,
1416 897 1554 972 stragem

303 992 399 1054 oculis
433 992 599 1071 legentium
633 992 719 1072 qnasi
743 992 879 1072 subjicit.
924 994 1003 1055 Tum
1025 990 1203 1056 incitatione
1226 1011 1319 1054 cursu
1342 991 1413 1054 fluit
1435 991 1556 1066 oratio,

303 1101 368 1155 tum
402 1093 572 1154 sententias
606 1092 722 1154 incisas
751 1099 782 1154 et
811 1093 903 1176 quasi
926 1094 1107 1155 decurtatae
1130 1092 1211 1154 alias
1231 1093 1321 1174 juxta
1344 1092 1425 1155 alias
1448 1093 1556 1173 ponit,
1601 1163 1603 1169 y

304 1192 427 1255 omissis
450 1192 611 1273 particulis
634 1194 907 1268 connectentibus‚
941 1213 1072 1276 quarum
1102 1193 1134 1256 in
1157 1213 1215 1257 usu
1237 1213 1319 1274 saepe
1349 1193 1558 1274 negligentior

305 1304 368 1368 est,
391 1301 455 1354 tum
479 1313 622 1355 numeros
646 1294 814 1376 modosque
839 1293 971 1376 negligit
993 1295 1150 1376 multaque
1172 1294 1216 1368 ei,
1246 1294 1298 1376 qui
1321 1292 1413 1374 legit,
1436 1293 1557 1356 intelli-

304 1394 406 1476 genda
429 1405 460 1455 et
482 1394 655 1475 supplenda
678 1394 837 1477 relinquit.
881 1397 967 1460 Raro
996 1395 1122 1478 quidem
1148 1395 1222 1458 talis
1246 1402 1295 1457 est
1317 1393 1419 1457 oratio
1441 1394 1557 1470 Plinii,

305 1495 358 1556 sed
381 1514 611 1576 nonnumquam
636 1504 740 1557 tamen
764 1497 795 1558 in
818 1497 894 1560 illud
918 1496 1027 1559 vitium
1051 1495 1112 1558 toti
1134 1496 1221 1559 aetati
1245 1515 1408 1558 commune
1431 1497 1558 1578 propri·

306 1616 415 1676 umque
438 1595 566 1670 incidit,
589 1595 621 1656 id
645 1596 725 1676 quod
750 1597 798 1658 his
821 1597 972 1678 exemplis
996 1596 1187 1660 ostenditur:

388 1695 526 1758 Primum
549 1704 652 1759 autem
676 1696 841 1758 brevitatis
866 1697 1004 1760 studium
1024 1704 1160 1778 apparet
1181 1697 1212 1759 in
1235 1696 1482 1761 ''dissolutione''
1504 1698 1559 1762 illa

7 1741 203 1938 quelllltm
305 1794 423 1880 (Graeci
446 1805 560 1859 vocant
582 1791 784 1880 ἀσύνδετον),
807 1817 868 1879 qua
892 1797 1146 1879 frequentissime
1169 1817 1243 1862 usus
1266 1804 1315 1860 eet
1337 1805 1369 1860 et
1390 1799 1558 1862 brevitatis

305 1917 415 1970 causa,
438 1907 471 1960 et
493 1907 527 1960 nt
549 1898 776 1962 vehementiam
801 1899 955 1981 quandam
979 1898 1115 1962 orationi
1138 1898 1335 1974 conciliaret,
1358 1899 1458 1962 velut:

387 2000 460 2063 Jam
485 2001 551 2062 dies
574 2001 654 2062 alter
676 2000 788 2063 tertius
818 2007 961 2082 quartus:
989 2000 1173 2063 abstinebat
1195 1999 1263 2063 cibo
1288 2001 1315 2073 1,
1344 2002 1392 2075 12,
1414 2000 1443 2062 9.
1478 2000 1559 2088 (Cfr.

305 2109 403 2163 totam
427 2121 473 2182 ep.
499 2102 525 2174 1,
548 2099 593 2184 5).
637 2101 687 2164 Ex
709 2101 758 2162 his
782 2109 915 2182 apparet
936 2101 1023 2164 illurn
1048 2099 1264 2186 (Ciceronem)
1298 2102 1398 2164 multa
1425 2103 1559 2177 dixisse,

306 2223 374 2264 cum
399 2202 515 2276 ederet,
539 2200 682 2264 omisisse
709 2204 734 2277 l,
756 2203 806 2277 20,
829 2203 858 2265 7.
902 2201 1037 2276 Veniet;
1071 2221 1182 2264 vereor
1204 2222 1243 2264 ne
1266 2204 1383 2265 frustra
1406 2201 1435 2276 6,
1457 2204 1507 2278 25,
1531 2206 1558 2266 2.

306 2305 444 2384 Uterque
468 2304 508 2364 ad
531 2303 662 2383 gloriam
685 2303 755 2384 pari
778 2304 964 2385 cupiditate,
988 2303 1113 2366 diverso
1136 2303 1249 2365 itinere
1271 2303 1435 2366 contendit
1457 2303 1487 2380 9,
1513 2304 1559 2379 19,

306 2404 335 2465 8.
359 2403 410 2486 (ln
434 2403 482 2463 his
506 2403 659 2484 exemplis
683 2404 839 2485 particula
862 2404 1066 2467 adversativa
1087 2404 1194 2477 abest,
1228 2424 1289 2486 qua
1312 2424 1343 2467 re
1367 2405 1560 2469 enuntiatio-

308 2523 379 2566 num
414 2523 581 2567 concursus
613 2523 706 2585 asper
729 2504 958 2585 quodammodo
982 2513 1014 2567 et
1035 2505 1157 2568 hiulcus
1180 2503 1241 2588 lit).
1290 2504 1459 2568 Delectare
1488 2526 1560 2587 per-

308 2604 440 2665 suadere
463 2604 585 2684 copiam
621 2605 742 2668 dicendi
773 2607 972 2687 spatiumque
1003 2605 1162 2669 desiderat
1194 2605 1295 2680 1,20,
1320 2604 1366 2668 18.
1409 2607 1562 2688 Poposcit

307 2703 474 2778 tabellam,
497 2705 604 2769 stilum
628 2707 765 2786 accepit,
788 2707 913 2768 demisit
935 2716 1045 2788 caput,
1079 2707 1235 2770 neminem
1259 2713 1396 2782 veretur,
1429 2727 1463 2770 se
1486 2727 1561 2770 con·

309 2805 423 2868 temnit
444 2806 474 2880 4,
496 2805 546 2881 25,
569 2807 597 2869 4.
633 2807 714 2890 (Cfr.
738 2809 766 2883 5,
790 2808 818 2882 5,
835 2808 862 2870 5.
891 2809 920 2882 5,
935 2806 981 2891 6).
1025 2809 1187 2872 Sedebant
1217 2808 1357 2890 judices,
1391 2808 1559 2871 decemviri

309 2914 476 2982 venerant,
501 2907 747 2971 obversabantur
770 2910 933 2984 advocati,
956 2909 1114 2972 silentium
1139 2909 1278 2989 longum,
1300 2909 1428 2972 tandem
1447 2928 1561 2991 aprae-

309 3017 377 3071 tore
411 3008 537 3071 nuntius
570 3009 605 3084 5,
639 3009 657 3072 9
686 3009 774 3094 (21),
806 3012 835 3072 2.
870 3011 949 3092 (Cfr.
978 3017 1078 3072 totam
1112 3029 1158 3089 ep.
1192 3018 1224 3072 et
1255 3008 1288 3085 6,
1321 3010 1377 3083 20,
1413 3010 1560 3095 14-15).

309 3109 417 3190 Serpit
439 3130 494 3190 per
518 3109 669 3172 coloniam
695 3114 793 3174 fama:
827 3111 1017 3175 Concurrere
1040 3130 1162 3186 omnes,
1195 3111 1296 3192 ipsum
1320 3131 1452 3192 puerum
1477 3120 1561 3174 tarn-

310 3231 399 3292 quam
434 3211 614 3273 miraculum
648 3213 804 3294 aspicere,
837 3212 1041 3294 interrogare,
1076 3212 1200 3286 audire,
1234 3232 1373 3276 narrare.
1429 3214 1562 3276 Postero

310 3312 359 3373 die
395 3311 538 3373 obsident
572 3312 665 3388 litus,
697 3322 902 3394 prospectant
935 3333 1020 3374 mare
1055 3319 1086 3374 et
1118 3313 1145 3374 si
1180 3312 1253 3395 quid
1277 3322 1325 3376 est
1347 3312 1427 3375 mari
1451 3313 1563 3378 simile.

309 3413 432 3474 Natant
454 3413 558 3493 pueri,
580 3413 664 3476 inter
686 3414 742 3476 hos
764 3414 833 3488 ille,
855 3414 909 3476 sed
933 3413 1063 3476 cautius.
1106 3413 1279 3495 Delphinus
1303 3434 1409 3478 rursus
1425 3415 1466 3476 ad
1483 3423 1564 3478 tem-

309 3533 383 3596 pus,
417 3533 524 3576 rursus
558 3514 598 3576 ad
631 3534 770 3594 puerum.
813 3514 910 3596 Fugit
936 3513 989 3576 ille
1017 3532 1083 3576 cnm
1107 3514 1229 3578 ceteris.
1273 3513 1451 3596 Delphinus
1475 3516 1563 3597 quasi

310 3614 424 3676 invitet
445 3621 585 3689 revocet,
608 3615 699 3677 exilit
727 3614 874 3696 mergitur
896 3613 1063 3696 variosque
1087 3615 1177 3678 orbes
1206 3616 1348 3697 implicat
1373 3615 1564 3699 expetiitque

310 3715 339 3790 9,
362 3717 410 3789 33,
432 3714 461 3777 5.
495 3711 575 3799 (Cir.
598 3723 697 3778 totam
722 3713 795 3800 ep).

393 3815 516 3879 Deinde
539 3816 675 3879 studium
692 3815 859 3879 brevitatis
879 3815 1017 3880 cernitur
1032 3816 1063 3879 in
1079 3815 1328 3892 ’'detractione'',
1351 3837 1443 3900 qnam
1460 3817 1563 3884 Craecl

311 3925 425 3980 vocant
446 3914 602 4004 ἔλλειψιν,
626 3917 706 3981 satis
730 3919 857 3981 usitata.
902 3917 1028 3981 Omissa
1049 3926 1124 3982 sunt
1145 3927 1266 3982 autem:

395 4019 429 4103 1)
453 4018 669 4094 Substantiva,
692 4019 790 4084 velut:
813 4019 955 4083 Verania
975 4020 1102 4084 Pisonis
1125 4019 1311 4097 (audacer,
1333 4028 1368 4083 ut
1382 4040 1465 4102 saepe
1481 4021 1564 4102 apud

310 4120 437 4205 poetas)
460 4121 600 4202 graviter
622 4122 751 4200 jacebat
772 4123 801 4190 2,
816 4121 867 4196 20,
885 4123 912 4184 l.
952 4121 1123 4186 Similiter:
1147 4123 1318 4184 Patronem
1334 4121 1448 4185 habuit
1462 4123 1564 4186 Ther-

311 4223 433 4284 muthin
466 4222 605 4286 Theonis
640 4224 687 4299 10,
710 4222 730 4284 5
753 4222 816 4308 (4),
837 4225 867 4285 2.
911 4224 1000 4305 Rogo
1034 4231 1070 4287 ut
1102 4224 1157 4285 des
1189 4220 1348 4284 civitatem
1383 4222 1562 4306 Chrysippo

311 4323 510 4386 Mithridatis
534 4323 619 4402 (aud.
632 4322 716 4407 filio)
738 4324 890 4405 uxorique
914 4323 1097 4408 Chrysippi,
1119 4321 1307 4388 Stratonice
1324 4323 1461 4404 Epigoni
1477 4324 1562 4403 (aad.

303 4421 393 4508 filice)
420 4426 464 4496 10,
492 4427 523 4486 11
550 4422 612 4509 (),
634 4428 663 4486 2.
708 4424 805 4506 Apud
837 4443 943 4487 omnes
976 4425 1146 4506 scriptores
1180 4421 1285 4486 omitti
1317 4424 1421 4487 solent
1449 4425 1562 4499 verba,

312 4542 380 4603 quae
392 4534 464 4585 sunt
478 4525 578 4589 ”filins
592 4533 624 4588 et
635 4523 718 4588 filia''
735 4524 814 4606 (Cfr.
829 4523 900 4587 Liv.
916 4526 967 4600 25,
982 4521 1032 4601 37,
1047 4525 1076 4587 8.
1100 4522 1349 4586 ”Hasdrubalem
1367 4523 1562 4609 Gisgonis”),

312 4641 347 4686 ac
380 4624 476 4686 multo
510 4626 605 4688 etiam
638 4626 780 4690 duriores
814 4631 888 4688 sunt
915 4627 996 4708 apud
1020 4627 1123 4708 ipsum
1147 4623 1327 4688 Ciceronem
1351 4625 1560 4692 detractiones
