3226 5332
296 519 337 574 De
359 521 419 575 vita
440 523 469 574 et
492 521 647 575 elocutione
670 521 699 576 0.
723 521 808 574 Plinii
831 517 933 575 Oaeoilii
955 517 1081 573 Secundi.
1260 521 1318 574 113

148 689 276 754 Priores
299 713 352 773 pro
374 691 540 777 nlaioribus
562 693 646 754 dixit.
690 691 845 755 Veniebat
867 693 896 754 in
920 700 1049 754 mentem
1066 690 1188 774 priores
1203 701 1320 753 nostros

66 793 156 853 etiam
182 793 364 872 singulorum
390 795 540 874 hospitum
563 793 689 873 injurias
712 793 888 854 voluntariis
915 791 1158 854 accusationibus
1180 800 1320 854 executus

65 895 93 962 3.
115 892 145 966 4,
169 891 197 954 5.
223 895 250 967 l,
274 894 321 968 ll,
345 897 372 968 l,
395 893 503 978 (Verg.
526 894 583 957 Ov.
606 895 685 956 Vell.
709 895 781 957 Seu.
804 893 884 954 Plio.
908 894 977 972 maj.
1001 892 1091 976 un).

147 991 302 1056 secretum
330 995 438 1057 dicitur
468 995 500 1079 l)
523 997 558 1057 de
580 996 643 1057 loco
665 1004 788 1067 secreto,
816 1002 937 1056 rerrrotc.
985 992 1083 1064 Quam
1114 993 1198 1056 dulce
1224 1013 1321 1054 secre-

61 1103 127 1155 tum
149 1095 179 1167 3,
204 1095 230 1168 l,
252 1093 281 1156 6.
304 1095 365 1158 011.
387 1098 416 1168 2,
440 1090 488 1169 17,
511 1098 561 1157 22.
584 1095 613 1169 9,
634 1097 685 1168 33,
710 1098 757 1158 10.
780 1095 856 1156 Pan.
880 1094 928 1156 48.
952 1092 1060 1179 (Verg.
1077 1093 1134 1156 Ov.
1151 1095 1225 1156 Hor.
1241 1094 1320 1154 Plin.

61 1195 135 1273 maj.
158 1194 263 1264 Quint.
287 1198 360 1259 Tac.
382 1198 501 1260 Phaedr.
523 1197 590 1258 Liv.
613 1199 664 1272 23,
686 1195 716 1271 8,
738 1195 767 1258 8.
791 1197 841 1271 30,
867 1195 912 1268 14,
924 1195 954 1269 4,
967 1195 1031 1278 ar).
1061 1193 1321 1278 2111111155-

58 1305 141 1358 creto
168 1316 234 1358 curn
259 1294 362 1380 utiquc
383 1296 577 1382 colloquendi.
620 1299 696 1360 Illuc
719 1306 894 1377 persecutus
915 1304 1058 1360 secretum
1080 1295 1157 1374 petit
1181 1295 1254 1370 1‚5,
1273 1298 1320 1360 11.

58 1397 125 1458 Cfr.
149 1397 222 1458 Pau.
238 1398 290 1460 53.
311 1399 397 1480 (Tac.
411 1396 522 1483 Suet).
578 1395 594 1481 )
616 1399 653 1460 de
673 1421 706 1463 re
727 1397 923 1470 claudestina,
945 1395 1128 1458 occultando.
1157 1396 1243 1458 Uxor
1255 1417 1321 1459 om-

56 1499 110 1558 nis
137 1498 242 1560 secreti
262 1499 459 1578 capacissima
483 1494 619 1575 1,12‚7.
642 1501 717 1562 Pan.
740 1499 790 1562 68.
817 1499 901 1584 (Liv.
922 1497 972 1571 34,
994 1497 1044 1572 36,
1066 1497 1095 1558 4.
1119 1497 1190 1560 Seu.
1213 1497 1320 1568 Quint.

54 1598 135 1660 Tac.
158 1598 244 1661 Suet.
266 1598 373 1682 Petu).

152 1696 283 1762 Viridis.
326 1701 633 1781 Ambulatio'pressis
655 1702 795 1782 varieque
816 1698 1084 1764 tonsisua'ra‘dibus
1105 1691 1220 1760 inclusa
1242 1697 1272 1773 5,
1290 1697 1319 1773 6,

60 1796 110 1863 17.
134 1798 185 1863 38.
208 1799 257 1862 40.
279 1801 309 1875 5,
332 1800 380 1876 18,
404 1804 431 1864 l.
454 1801 551 1885 (Vitr.
575 1803 644 1864 Seu.
667 1803 732 1865 Col.
755 1801 898 1885 Phoda).

139 1901 308 1980 Adjectiva
318 1903 348 1963 in
361 1903 544 1965 nominativo
556 1911 587 1964 et
599 1904 771 1970 accusativo
782 1903 1040 1966 substantivorum
1053 1901 1116 1962 loco
1128 1900 1226 1982 posita
1239 1901 1317 1980 apud

52 2001 192 2064 Plinium
216 2011 279 2063 tam
302 2004 407 2065 crebra
427 2012 514 2077 sunt,
546 2012 580 2066 ut
601 2023 855 2086 supervacaneum
880 2005 922 2067 sit
942 2003 1080 2084 exempla
1101 2001 1212 2064 afferre.
1257 2001 1319 2064 Sed

51 2103 153 2165 etlam
187 2102 215 2163 in
249 2102 381 2164 ablativo
414 2104 487 2184 sing.
510 2125 590 2166 num.
613 2115 709 2168 neutr.
731 2126 798 2186 geo.
821 2106 971 2186 adjectiva
1003 2114 1033 2166 et
1060 2102 1237 2183 pronomine
1264 2121 1318 2182 pro

43 2202 257 2266 substantivis
286 2203 399 2283 posuit,
432 2205 463 2266 id
491 2206 569 2286 quod
594 2226 693 2268 rarum
717 2215 763 2268 est
785 2208 864 2287 apud
887 2207 1023 2268 meliores
1046 2203 1152 2266 solutae
1175 2202 1317 2265 orationis

40 2304 217 2383 scriptores
231 2303 274 2387 ¹),
307 2325 396 2386 quam
430 2306 468 2367 ob
501 2325 624 2368 causam
656 2307 737 2369 illius
769 2307 993 2370 consuetudinis
1021 2305 1142 2368 dicendi
1174 2303 1318 2366 nonnulla

43 2405 183 2466 afferam
206 2406 357 2486 exempla:

139 2504 171 2567 A
203 2505 309 2586 quibus
337 2507 386 2568 hic
413 2508 542 2588 optimus
565 2510 698 2588 separari
721 2529 780 2571 non
802 2508 868 2572 olio'
884 2507 920 2596 (i.
943 2530 969 2571 e.
992 2505 1122 2592 aliare)
1144 2505 1238 2588 magis
1261 2526 1316 2586 po-

40 2615 135 2668 terat
161 2625 250 2688 quam
273 2608 445 2669 diversitate
468 2609 609 2670 censendi
631 2607 660 2684 6,
676 2605 726 2684 27,
741 2611 769 2672 3.
812 2611 881 2672 Non
902 2609 962 2673 ulio
984 2619 1085 2674 tamen
1109 2608 1202 2688 tnagis
1229 2609 1315 2670 deum

41 2718 83 2768 et
119 2707 193 2768 facis
225 2716 255 2769 et
287 2709 411 2788 probas,
444 2728 532 2790 quam
566 2711 643 2790 quod
669 2711 733 2791 ipse
760 2711 831 2772 talis
859 2732 890 2773 es
918 2714 994 2774 Pau.
1020 2711 1067 2773 ll.
1110 2711 1214 2791 Neque
1237 2709 1314 2772 enim

39 2805 113 2870 alio
137 2807 230 2887 magis
253 2811 440 2889 approbatur
460 2810 551 2872 animi
573 2810 617 2872 tui
639 2812 813 2891 magnitudo
836 2813 910 2874 Pan.
933 2811 983 2875 89.
1010 2811 1081 2873 cfr.
1104 2811 1314 2891 Superscriptc

38 2906 113 2970 alio
135 2902 166 2980 7,
192 2910 238 2982 12,
260 2909 290 2970 3.
333 2910 385 2973 Sic
407 2911 524 2973 Seneca
545 2913 660 2974 locutus
682 2922 728 2973 est
749 2913 823 2976 Ben.
846 2912 980 2988 4,18,l.
1002 2914 1075 2975 Nat.
1100 2910 1157 2982 Qu.
1180 2910 1210 2985 6,
1225 2909 1272 2983 16,
1285 2913 1314 2984 2,

38 3009 247 3090 similiterque
278 3008 359 3071 nullo
392 3031 445 3090 pro
477 3010 562 3074 nullo
595 3033 627 3075 re
660 3013 801 3076 dixerunt
832 3012 937 3083 Quint.
964 3016 1035 3077 Tac.
1064 3014 1136 3076 Seu.
1154 3010 1193 3095 ²).
1245 3013 1314 3074 Erit

39 3119 155 3172 autem
189 3129 262 3190 opus
294 3110 409 3174 modico
441 3111 471 3186 5,
495 3111 544 3187 19,
566 3113 594 3174 8.
637 3114 808 3176 Nonnullus
836 3125 867 3177 et
895 3115 923 3176 in
950 3113 1002 3177 illo
1024 3115 1117 3186 labor,
1145 3122 1180 3175 ut
1201 3121 1259 3176 cet.
1281 3111 1312 3187 8,

38 3211 77 3285 4,
102 3212 131 3273 3.
176 3208 293 3280 Quaeris
316 3213 457 3287 fortasse,
479 3234 538 3296 quo
561 3224 725 3276 commotus
747 3217 810 3278 haec
831 3216 961 3278 scribam
982 3215 1013 3289 8,
1035 3217 1086 3289 22,
1109 3215 1138 3277 3.

134 3345 171 3406 Iu
198 3347 307 3426 plurali
337 3367 458 3410 numero
487 3368 567 3429 saepe
595 3349 674 3430 apud
697 3361 816 3414 veteres
839 3370 955 3433 quoque
977 3350 1138 3430 scriptores
1159 3348 1312 3429 adjectiva

44 3458 150 3510 neutr.
177 3465 242 3527 gen.
271 3457 423 3528 ponuntur
451 3468 504 3529 pro
532 3450 731 3513 substantivis
763 3452 855 3514 etiam
883 3452 914 3513 in
941 3451 1059 3514 casibus
1085 3451 1227 3532 obliquis,
1260 3451 1311 3532 qui

42 3557 199 3610 vocantur
212 3546 250 3631 ³).
295 3550 393 3611 Multo
425 3559 524 3612 autem
559 3552 667 3630 saepius
694 3553 725 3614 id
754 3553 855 3614 evenit
876 3554 955 3632 apud
978 3553 1138 3633 scriptores
1161 3561 1310 3631 argentea

42 3648 160 3720 estatis,
182 3649 278 3710 velut:
300 3651 453 3732 Plerisque
478 3651 504 3726 l,
526 3651 575 3725 20,
597 3653 627 3714 3.
659 3651 736 3737 (Gir.
753 3654 816 3716 Cic.
831 3653 902 3716 Am.
917 3653 947 3727 4,
965 3653 1012 3716 13.
1036 3653 1092 3715 ''In
1115 3648 1309 3733 plerisqne'').

42 3748 169 3812 Subitis
204 3749 283 3825 3,9,
307 3750 354 3814 16.
398 3751 503 3813 Multis
535 3751 565 3825 6,
586 3751 616 3827 5,
638 3753 667 3815 4.
712 3755 842 3816 Acribus
874 3754 934 3816 illis
962 3762 993 3816 et
1021 3754 1125 3816 erectis
1154 3752 1183 3828 6,
1206 3753 1256 3824 33,
1278 3749 1308 3813 9.

45 3849 164 3912 Electis
186 3845 215 3923 7,
236 3851 265 3923 9,
287 3852 315 3914 3.
357 3852 564 3915 Proximorunr
596 3854 737 3916 incuriosi
768 3854 798 3929 8,
819 3856 870 3929 20,
895 3856 920 3917 l.
963 3855 1047 3917 Altis
1073 3863 1104 3916 et
1131 3851 1254 3915 excelsis
1277 3851 1307 3928 9,

42 3948 101 4021 26,
125 3951 153 4010 2.
196 3949 314 4020 Quibus
348 3953 396 4026 10,
420 3953 456 4014 31
482 3951 565 4038 (40),
589 3955 616 4015 1.
661 3956 696 4016 In
726 3954 890 4018 masculino
914 3977 1022 4039 peram
1041 3955 1120 4017 tales
1142 3954 1307 4016 locutiones

43 4063 121 4112 sunt
143 4052 321 4127 crebriores,
344 4073 434 4135 quam
457 4063 491 4115 ut
511 4072 585 4134 opus
607 4054 648 4116 sit
669 4056 804 4136 exempla
826 4057 940 4120 afferre.

133 4185 233 4265 Etiam
263 4187 365 4250 formae
396 4187 545 4268 participii
573 4189 664 4252 futuri
686 4200 718 4252 et
738 4191 830 4254 activi
851 4202 883 4254 et
904 4190 1016 4273 passivi
1038 4187 1229 4252 substantive
1251 4205 1307 4267 po-

49 4294 171 4361 nuntur,
193 4287 224 4348 id
246 4289 324 4369 quod
346 4289 441 4352 rarius
463 4297 510 4351 est
522 4286 563 4374 ⁴).

98 4465 117 4536 ¹)
139 4473 189 4526 011.
213 4473 396 4545 Nagelsbach,
420 4477 436 4529 l.
461 4478 477 4530 l.
499 4477 568 4548 Pag.
593 4478 642 4533 66.

94 4551 116 4619 ²)
139 4561 189 4613 co.
213 4562 335 4631 Draeger,
358 4551 446 4617 ”Uber
466 4564 574 4634 Syntax
589 4566 643 4617 uod
659 4564 711 4619 Stil
726 4567 773 4620 des
789 4566 922 4628 Tacitus”,
944 4565 1012 4636 Peg.
1029 4561 1057 4626 4,
1081 4562 1197 4634 Leipzig
1216 4561 1308 4622 1868.

95 4637 116 4705 ³)
139 4646 189 4700 cc.
212 4649 383 4718 Nagelbach,
406 4650 424 4703 l.
446 4651 464 4703 l.
486 4651 553 4722 Peg.
579 4650 628 4714 75,
654 4651 681 4704 2.

94 4724 116 4794 ⁴)
139 4732 190 4787 cu.
214 4734 385 4806 Ntigelbach,
409 4736 425 4788 l.
449 4738 465 4790 l.
489 4737 555 4810 Peg.
580 4736 630 4801 88,
656 4739 682 4792 2.

1153 4819 1177 4885 8
