3264 5332
288 453 326 507 36
777 455 804 509 J.
826 455 857 510 P.
878 453 1045 527 Lugergren.

287 624 354 688 idco
375 626 478 690 uicisse
498 625 641 701 ridearis,
662 636 695 688 ut
715 625 927 711 triurnpbcrcs,
949 629 1004 690 sed
1026 624 1224 711 triumphare,
1245 625 1319 708 quio
1339 620 1449 684 sicoris
1459 623 1537 686 Pan.

233 793 234 798 ,
289 723 341 789 17.’
380 725 477 798 Quem
502 729 542 790 ed
565 729 689 790 modum
713 728 829 791 cessit?
871 729 944 792 Non
965 750 995 791 ss
1016 738 1048 790 ut
1071 727 1218 812 privatis,
1250 725 1304 788 sed
1338 733 1374 786 ut
1401 723 1539 808 priuatos

286 825 346 889 sibi
377 847 469 909 peres
502 829 623 891 iaceret
653 830 731 892 Pen.
754 827 803 892 60.
853 831 900 893 Ut
928 830 1009 893 enim
1043 828 1206 891 felicitatis
1230 835 1279 889 est
1299 833 1444 909 quartum
1467 821 1539 886 ociis

282 947 385 1011 posse,
418 929 464 991 sie
486 929 711 1010 magnitudinis
733 927 804 993 codic
825 939 970 1014 quartum
989 929 1087 1015 possis
1108 931 1188 992 Pan.
1211 925 1260 990 61.
1302 926 1376 989 Non
1398 922 1539 988 cousulu-

286 1035 333 1088 tus
354 1026 521 1092 bominibus
542 1029 651 1104 isdem,
673 1031 728 1092 sed
750 1030 843 1093 iidem
864 1029 995 1094 domines
1012 1027 1214 1092 considentibus
1229 1027 1443 1090 reddebantur
1457 1024 1539 1087 Ibid.

287 1127 315 1191 Ο
346 1147 445 1210 prave
460 1165 461 1168 =
478 1139 510 1192 et
540 1130 640 1194 inscie
672 1151 753 1194 verae
786 1131 964 1212 mejestatis
991 1130 1139 1205 ambitio,
1171 1126 1376 1212 concupiscere
1397 1125 1540 1188 bonorem

285 1249 373 1312 quem
394 1229 580 1316 dedigneris,
603 1231 765 1314 dediquari
785 1252 872 1316 quem
893 1231 1077 1314 concupieris
1097 1232 1176 1294 Pen.
1198 1228 1248 1293 63.
1291 1228 1363 1291 Non
1387 1236 1436 1289 est
1445 1226 1539 1311 priu-

285 1349 353 1412 ccps
373 1349 463 1414 super
483 1329 575 1414 lepos,
596 1333 652 1394 sed
674 1331 750 1415 lepos
771 1353 861 1418 super
877 1331 1048 1416 prinoipem
1068 1332 1146 1394 Psn.
1168 1329 1218 1393 65.
1323 1341 1326 1344 “

368 1431 476 1512 Neque
498 1431 747 1514 infrequentiores
768 1439 842 1496 sunt
864 1431 1074 1515 ’'orrymore''‚¹
1096 1449 1164 1513 qnae
1185 1437 1354 1494 vocentur:

369 1530 479 1595 Scribo
502 1532 664 1614 plurimes,
685 1534 742 1596 sed
763 1531 1027 1597 inlitteratissimcs
1048 1530 1161 1595 littores
1186 1533 1213 1605 1,
1231 1531 1279 1606 16,
1294 1530 1323 1595 9.
1357 1530 1427 1594 Seis
1444 1547 1537 1609 qnsm

285 1630 329 1693 sit
359 1653 445 1695 amor
476 1633 600 1718 iniquus
632 1635 789 1698 interdum
818 1636 849 1708 2,
870 1636 901 1708 2,
925 1635 950 1695 l.
994 1634 1084 1697 Nihil
1114 1643 1162 1696 est
1190 1641 1254 1694 tem
1277 1629 1423 1716 iuoequclc
1446 1647 1538 1710 quem

284 1730 439 1816 oequobitos
460 1734 532 1814 ipse
554 1736 583 1809 2,
608 1736 656 1810 12,
678 1734 707 1797 5.
740 1734 803 1798 Oir.
826 1735 917 1798 Nihil
950 1743 999 1796 est
1030 1734 1100 1816 ipss
1121 1731 1287 1818 equalitate
1308 1728 1487 1816 iucequobius
1507 1728 1538 1800 9,

283 1831 313 1906 5,
335 1833 363 1896 3.
407 1834 445 1896 In
474 1834 533 1896 hac
560 1854 681 1916 quoqne
713 1834 884 1898 diuersitate
915 1833 1094 1919 equalitatis
1122 1835 1204 1898 ratio
1233 1842 1361 1896 servate
1388 1841 1437 1894 est
1457 1830 1537 1892 Psn.

283 1931 333 1996 25.
379 1934 487 1997 Habet
519 1935 613 1998 etium
646 1935 776 1997 multum
814 1935 1023 2016 jucunditatis
1057 1935 1128 2017 ipse
1156 1935 1212 1997 ills
1241 1931 1449 2019 percqrr‘uctio
1488 1931 1537 1993 in-

282 2041 331 2095 ter
352 2055 408 2097 socc
429 2035 459 2110 3,
484 2033 532 2108 19,
553 2035 583 2097 4.
626 2035 714 2098 Nihil
747 2037 878 2117 deniqne
911 2045 1026 2118 praeter
1056 2035 1209 2120 inperium
1239 2034 1380 2097 insonum
1401 2033 1432 2108 4,
1454 2027 1484 2105 7,
1507 2032 1536 2094 4.

282 2131 405 2199 Lumcu
436 2133 610 2210 obscurum,
644 2136 755 2198 umbre
786 2146 947 2219 premente
969 2136 999 2210 5,
1022 2135 1052 2212 6,
1074 2136 1123 2200 38.
1172 2137 1284 2200 Homo
1292 2133 1427 2222 felicior,
1461 2139 1537 2195 ente

283 2253 377 2316 quem
402 2234 602 2323 felicissimus
633 2236 723 2300 fieret
754 2236 785 2311 5,
814 2237 862 2312 18,
892 2240 917 2301 1.
962 2237 1103 2318 Contigit
1133 2236 1193 2299 tibi
1232 2244 1267 2299 nt
1300 2242 1391 2318 peter
1424 2232 1537 2315 petriae

282 2355 373 2410 esses,
407 2343 481 2399 ante
514 2355 604 2418 quum
624 2329 717 2424 fleres
745 2339 825 2401 Pen.
847 2341 896 2402 21.
940 2339 1009 2401 Hoc
1032 2337 1078 2400 ite
1100 2359 1146 2402 me
1170 2336 1302 2411 delectet,
1334 2345 1369 2399 ut
1400 2343 1537 2418 torqueat

281 2433 310 2510 6,
332 2431 363 2512 7,
384 2437 414 2500 3.
459 2435 658 2519 Quemquam
682 2436 801 2512 absens,
832 2447 920 2502 totus
952 2436 1009 2500 buc
1030 2439 1173 2520 migrasti
1199 2437 1230 2512 6,
1252 2437 1302 2511 28,
1326 2438 1353 2499 1.
1396 2435 1537 2498 AEstims

280 2542 329 2608 tn,
363 2555 431 2617 quae
462 2538 532 2601 vitu
559 2557 629 2602 mes
656 2538 714 2613 ε1ι,
747 2540 795 2602 cni
824 2539 940 2624 requies
968 2539 1000 2602 in
1025 2537 1141 2616 bebere,
1170 2538 1207 2600 in
1238 2536 1361 2600 miseric
1393 2536 1536 2618 curisque

280 2633 424 2700 solacium
445 2632 475 2712 7,
497 2637 527 2713 5,
548 2640 578 2701 2.
622 2641 682 2702 Εει
703 2641 844 2721 quaedem
866 2641 962 2703 stiam
985 2638 1107 2703 dobeudc'
1138 2637 1273 2722 uoluptas
1294 2637 1325 2712 8,
1342 2635 1389 2711 16,
1403 2636 1432 2699 5.
1472 2637 1536 2699 Per

280 2736 337 2800 hos
360 2737 428 2800 dies
451 2738 659 2802 libentissime
682 2741 780 2803 otium
803 2759 906 2804 meum
930 2741 963 2802 in
986 2741 1102 2804 litteris
1126 2739 1267 2812 conloco,
1290 2756 1366 2820 qnos
1384 2737 1442 2799 elii
1457 2735 1534 2798 otio-

280 2836 409 2901 sissimis
441 2839 681 2923 occupationibus
703 2842 836 2921 perdunt
857 2841 887 2916 9,
909 2840 939 2916 6,
960 2842 989 2904 4.
1032 2842 1121 2905 Nihil
1143 2847 1266 2922 peceat,
1294 2838 1356 2901 nisi
1379 2837 1462 2920 quod
1484 2835 1535 2899 ni-

280 2937 326 3000 hil
358 2948 468 3020 peccet
499 2939 529 3014 9,
549 2939 602 3016 26,
626 2942 651 3003 l.
694 2942 825 3004 Famem
857 2940 1043 3005 liberalitatis
1075 2939 1206 3004 cucutia
1238 2946 1350 3022 petunt
1381 2937 1412 3012 9,
1433 2939 1484 3012 30,
1505 2939 1534 3000 2.

280 3039 380 3102 Nemo
412 3039 540 3130 miseros
566 3040 729 3125 uoluptates
756 3061 834 3105 uneo
868 3049 901 3105 et
931 3042 1069 3122 ignibus¹
1088 3041 1232 3124 expiavit
1263 3043 1343 3103 Psn.
1365 3039 1415 3100 33.
1463 3034 1535 3100 Coi-

280 3159 348 3203 rusu
370 3131 495 3216 sommi
517 3141 569 3222 qni
591 3141 717 3206 crimine
737 3152 876 3207 occarcut
897 3144 974 3206 Pen.
996 3142 1046 3204 42.
1089 3141 1177 3206 Mitis
1189 3140 1330 3204 severitus
1344 3141 1423 3203 Pan.
1438 3137 1481 3202 80
1494 3135 1535 3222 ¹).

364 3239 564 3304 creberrime
584 3252 756 3306 vero‘snnt
781 3243 813 3307 in
837 3243 946 3306 eedem
969 3243 1126 3307 sententie
1148 3241 1255 3324 posite
1275 3240 1444 3314 vocabule,
1466 3257 1535 3320 qnee

281 3339 313 3403 in
334 3341 514 3421 incipiendo
537 3351 592 3406 eut
613 3343 752 3406 osdendo
776 3344 906 3406 eundem
930 3344 994 3406 iere
1017 3363 1124 3406 sonum
1147 3347 1300 3417 referent,
1329 3358 1462 3423 quornm
1484 3347 1536 3402 ts·

281 3459 365 3516 men,
388 3442 464 3524 quie
485 3444 642 3524 permulto.
664 3452 755 3518 sunt,
787 3462 889 3524 peuce
910 3445 1001 3507 modo
1024 3445 1173 3520 efferam,
1200 3442 1376 3525 presertim
1399 3459 1468 3504 oum
1490 3440 1536 3504 si-

282 3541 371 3614 milis
386 3543 439 3606 ille
461 3563 556 3606 sonus
579 3543 671 3607 iseile
693 3544 797 3624 possit
818 3545 966 3607 fortuitus
989 3564 1072 3608 esse:

363 3641 481 3706 Amevi
515 3644 851 3708 consummatissimum
881 3645 1027 3725 juvenem
1050 3652 1115 3708 tem
1144 3647 1300 3717 orderico,
1324 3661 1426 3724 «quum
1454 3659 1537 3704 nunc

281 3741 469 3826 impatienter
490 3745 614 3827 requiro
636 3747 665 3818 2,
680 3739 710 3818 7,
725 3743 754 3807 6.
797 3743 935 3828 chcudi
948 3765 1073 3827 semper
1087 3747 1211 3810 occasio
1227 3755 1292 3818 est,
1312 3741 1459 3806 audiendi
1473 3761 1536 3804 non

281 3862 406 3925 semper
426 3846 456 3918 2,
478 3845 509 3920 3,
531 3844 560 3907 9.
602 3845 766 3927 Equidem¹
782 3847 891 3910 beatos
913 3849 988 3928 pito
1011 3847 1123 3927 quibus
1146 3849 1251 3912 detnm
1274 3850 1324 3908 est
1351 3852 1406 3906 sut
1431 3843 1536 3906 iecere

281 3943 438 4008 scribenda
460 3953 514 4008 snt
535 3946 671 4009 scribere
693 3943 817 4030 bcqcudo
839 3946 873 4022 6,
898 3946 949 4023 16,
972 3947 1000 4009 3.
1045 3949 1155 4029 Neque
1178 3949 1258 4010 enirn
1280 3943 1435 4027 reliquisse
1461 3961 1537 4024 opes

282 4044 364 4118 filiae,
378 4045 434 4108 sed
449 4045 618 4110 reddidisse
633 4046 744 4129 quibus
759 4055 871 4110 unctus
887 4067 944 4128 per
958 4048 1054 4110 filism
1071 4050 1173 4110 iuerat
1186 4048 1217 4122 8,
1232 4047 1279 4121 18,
1290 4047 1319 4108 3.
1343 4043 1408 4107 Gir.
1423 4043 1538 4123 Cogite

282 4151 313 4207 te
329 4145 457 4209 missum
472 4146 505 4209 in
520 4147 695 4222 Achaiam,
717 4148 804 4210 illsm
826 4169 928 4212 ouum
943 4155 975 4210 et
989 4169 1103 4211 merom
1119 4147 1273 4211 Greecism
1289 4147 1320 4221 8,
1335 4146 1385 4218 24,
1400 4145 1428 4206 2.
1462 4143 1535 4206 Non

373 4394 393 4468 ¹)
416 4399 467 4454 Cir.
491 4397 666 4454 ”Irrsanientis
689 4399 845 4470 sapientiee”
866 4402 931 4455 Hor.
948 4403 997 4456 Od.
1018 4408 1047 4463 1,
1065 4399 1119 4461 34,
1137 4399 1162 4453 2.
1199 4400 1330 4452 '’Strenun
1346 4397 1456 4452 inertie?
1470 4399 1536 4451 Hor.

282 4480 333 4550 Ep.
358 4485 384 4546 1,
411 4486 457 4547 11,
483 4483 529 4539 28.
574 4483 655 4539 ”Cum
674 4487 779 4540 ratione
798 4486 930 4541 insanies'’
951 4489 1010 4541 Ter.
1033 4487 1101 4539 Eun.
1130 4489 1153 4546 1,
1172 4487 1196 4544 1,
1218 4485 1261 4539 18.
1306 4487 1463 4538 ”Innumero
1487 4501 1535 4536 nu·

283 4569 371 4621 merd’
391 4571 471 4626 Lucr.
496 4571 523 4634 2,
549 4571 638 4625 1053.
