3226 5332
334 416 374 472 Dc
397 416 458 472 vita
478 419 507 473 et
529 418 683 474 elocutione
705 416 734 472 (1.
757 415 842 470 Plinii
863 415 965 472 Caecilii
986 379 1112 473 Secundi.
1294 425 1351 480 101

102 588 144 650 ud
171 586 405 670 intelligendum.
449 590 574 652 Dicendi
603 591 732 653 facultas
760 600 865 670 aperta
891 597 921 651 et
941 590 1076 674 33333113
1097 591 1201 655 statim
1223 592 1354 654 cernitur

104 690 133 763 3,
156 691 185 762 3,
207 687 234 750 6.
258 689 356 773 (Stat.
379 690 440 754 cfr.
464 689 569 760 Quint.
591 693 616 753 I.
638 690 674 755 0.
697 693 727 763 2,
749 690 777 763 5,
802 687 865 775 19).

186 788 321 865 Notene,
354 792 430 873 quod
459 793 646 872 participium
671 792 815 872 suspicati
848 801 919 854 sunt
952 812 1010 854 uon
1044 801 1165 855 exstare
1194 793 1251 854 nisi
1273 795 1353 874 apud

104 890 184 953 Plio.
201 892 270 970 maj.
288 892 369 954 Flor.
386 892 456 955 Seu.
475 891 578 962 Quint.
588 892 634 978 1),
657 913 715 954 nno
728 894 791 954 loco
805 892 955 966 invenitur
966 895 1044 974 apud
1057 894 1186 955 Plinium
1201 894 1353 957 minorem.

102 993 206 1071 Magni
229 992 346 1053 aestimo
369 993 507 1072 dignitati
532 995 594 1072 ejus
618 993 729 1074 aliquid
752 993 907 1055 adstruere
929 995 1020 1056 etiam
1042 992 1218 1067 1131331133,
1241 996 1269 1069 2,
1293 995 1322 1056 5.

190 1093 299 1154 Tereus
332 1094 412 1173 apud
446 1107 560 1156 veteres
594 1096 754 1174 scriptores
788 1095 908 1174 propria
936 1094 1152 1174 significatione
1182 1105 1354 1175 usurpatur,

102 1193 155 1254 sed
189 1194 268 1273 apud
302 1193 430 1255 Plinium
459 1215 510 1276 per
536 1196 765 1256 translationem
792 1195 912 1274 ponitur
934 1195 1110 1276 descriptis
1133 1215 1186 1276 pro
1208 1193 1353 1279 elegante,

97 1292 202 1377 polito.
246 1294 342 1373 Leges
371 1314 445 1373 opus
467 1305 578 1356 13131311
601 1297 685 1356 molle
705 1296 868 1373 jucundum
898 1294 927 1370 9,
949 1298 999 1370 22,
1022 1297 1050 1357 2.
1080 1295 1143 1358 cfr.
1165 1297 1194 1369 2,
1216 1298 1245 1368 3,
1270 1299 1295 1359 1.
1322 1295 1353 1371 7,

102 1395 152 1467 25,
175 1395 202 1455 4.
227 1392 347 1478 (Quint.
371 1392 477 1479 Stat).

192 1492 336 1557 Viscutus.
385 1493 536 1558 Viscatum
558 1497 635 1575 apud
660 1505 773 1558 ueteres
801 1495 975 1575 scriptores,
1003 1496 1086 1557 velut
1112 1515 1158 1576 ap.
1181 1496 1270 1558 Varr.
1294 1497 1351 1561 Or.

102 1596 141 1658 al.
165 1595 283 1676 proprie
306 1596 422 1670 dicitur,
444 1598 522 1678 quod
544 1599 625 1658 visco
649 1597 772 1659 oblitum
796 1604 854 1669 est,
880 1606 986 1677 postea
1009 1617 1079 1658 vero
1102 1617 1153 1676 per
1175 1597 1351 1659 1133313113-

100 1717 166 1756 nem
189 1696 300 1757 3133313
322 1698 461 1759 (11333131
484 1718 606 1760 3133313
629 1699 717 1759 311331
739 1717 772 1759 33
795 1699 917 1758 33331113
939 1699 1028 1771 data,
1055 1708 1087 1758 ut
1109 1698 1223 1776 majora
1246 1699 1352 1760 reddat

99 1797 143 1872 is,
167 1797 217 1878 qui
240 1798 363 1877 accepit.
401 1796 527 1859 Visentis
550 1801 721 1860 muneribus
744 1797 772 1871 9,
795 1799 844 1872 30,
866 1801 895 1859 2.
919 1795 1033 1882 (Sem),

179 1948 258 2026 ,Haec
280 1946 438 2026 participia
460 1947 673 2027 adjectivorum
697 1949 761 2010 loco
783 1949 882 2029 posita
900 1949 963 2027 jam
979 1950 1057 2028 apud
1072 1947 1238 2027 superiores
1253 1947 1349 2028 scrip-

98 2062 178 2111 tores
200 2049 304 2110 iisdem
328 2047 594 2126 significationibus
617 2050 723 2128 quibus
746 2051 825 2128 apud
847 2049 978 2111 Plinium
1003 2061 1034 2110 et
1054 2049 1196 2129 aeqnales,
1223 2049 1275 2110 sed
1298 2069 1349 2110 ra-

99 2152 159 2212 rius
181 2158 316 2210 exstant:

182 2248 341 2332 Abreptus
373 2250 473 2310 eadem
506 2249 721 2327 significatione
754 2250 872 2329 ponitur
898 2269 958 2330 qua
981 2259 1173 2332 perer-uptus,
1201 2268 1346 2332 preceps.

99 2352 188 2414 Dices
214 2351 327 2411 insessa
361 2350 468 2411 castris
501 2349 646 2410 montium
673 2348 801 2432 abrupto
833 2349 864 2422 8,
886 2351 916 2423 4,
939 2353 968 2412 2.
1001 2351 1063 2413 cfr.
1086 2348 1115 2422 9,
1136 2349 1186 2422 39,
1208 2347 1237 2411 5.
1280 2350 1349 2410 Ρ13-

100 2472 222 2533 rumque
250 2451 320 2512 altis
357 2459 388 2511 ct
419 2450 544 2510 excelsis
572 2451 713 2528 adjacent
739 2449 867 2534 abrupta
896 2450 924 2523 9,
948 2449 998 2524 26,
1021 2453 1048 2510 2.
1092 2451 1158 2512 Hoc
1192 2451 1266 2523 loco,
1299 2450 1349 2538 nbi

99 2555 134 2616 de
158 2551 636 2624 313113333131131,11333131313
660 2552 876 2632 quodammodo
901 2552 959 2612 vim
983 2552 1091 2625 habet,
1117 2560 1152 2612 ut
1173 2552 1251 2631 apud
1275 2550 1349 2613 Tac.

100 2666 130 2716 et
152 2654 255 2725 Quint.
278 2651 361 2737 (Liv.
385 2651 495 2714 Catuli.
519 2648 624 2734 post).

182 2751 355 2837 Adopertus
376 2771 429 2833 pro
452 2761 568 2834 operto,
591 2753 668 2832 quod
691 2752 830 2813 usitatius
849 2766 911 2825 est,
933 2752 981 2812 vel
1004 2760 1073 2814 tecto
1096 2751 1213 2812 dicitur.
1250 2751 1349 2833 Gryp-

99 2856 264 2936 topcrticus
293 2873 407 2936 quoque
429 2852 583 2936 adopertio
604 2853 792 2913 inferioribus
815 2853 951 2914 fenestris
974 2861 1093 2914 tantum
1116 2853 1230 2914 umbrae
1253 2872 1349 2934 quan-

98 2967 159 3018 tum
184 2956 302 3018 luminis
325 2956 417 3016 habet
439 2948 468 3022 7,
490 2955 541 3026 21,
564 2954 591 3014 2.
615 2952 722 3035 (Verg.
746 2952 801 3015 Ov.
824 2953 890 3014 Liv.
915 2955 987 3015 Tae.
1011 2954 1114 3035 post).

180 3056 270 3119 Altus
304 3057 381 3136 apud
417 3055 546 3115 Plinium
581 3055 682 3115 multis
716 3054 787 3115 13313
810 3055 985 3115 insolentius
1009 3062 1168 3134 usurpatur
1190 3061 1346 3134 poetarum

99 3160 156 3220 1313
191 3178 285 3229 31313,
318 3157 414 3218 velut:
448 3156 483 3216 In
508 3152 654 3216 altissimo
678 3155 894 3235 tranquillitate
915 3157 944 3227 2,
971 3156 996 3228 l,
1017 3154 1047 3216 4.
1091 3155 1125 3216 In
1149 3152 1208 3216 3113
1230 3175 1348 3218 3333333

101 3261 126 3332 1,
150 3260 178 3331 3,
200 3259 228 3320 3.
256 3258 317 3320 cn.
342 3260 371 3330 2,
393 3256 423 3329 8,
449 3258 475 3317 1.
501 3257 530 3329 2,
557 3251 605 3329 17,
627 3258 676 3316 22.
699 3256 727 3328 3,
750 3256 779 3328 3,
802 3254 829 3317 6.
866 3253 966 3316 Altius
990 3256 1081 3317 otium
1106 3255 1135 3328 5,
1156 3253 1185 3328 6,
1206 3255 1255 3318 45.
1283 3257 1347 3320 Otr.

97 3359 133 3434 9,
155 3362 188 3432 3,
213 3360 239 3420 1.
274 3358 378 3440 (Verg.
406 3359 483 3418 Aen.
513 3355 542 3428 6,
570 3355 631 3416 522
659 3357 780 3418 dieitur:
814 3355 1039 3436 ”Α11333133.”
1072 3356 1139 3417 Liv.
1162 3352 1190 3430 7,
1213 3355 1268 3430 35,
1293 3358 1346 3421 ll:

97 3460 225 3522 ''Sornno
248 3456 437 3539 altissimc’').
481 3456 521 3518 Se
549 3458 588 3516 ab
610 3458 731 3518 ineunte
752 3465 843 3518 aetate
863 3455 1020 3519 altioribus
1042 3457 1148 3519 studiis
1171 3457 1346 3540 artibusque

96 3561 241 3623 dediderit
262 3559 292 3633 5,
317 3557 364 3632 16,
386 3557 415 3620 8.
459 3557 558 3620 Α11311
581 3559 772 3638 quaestionem
795 3557 943 3619 altissima
964 3558 1022 3618 ista
1045 3557 1210 3619 eruditione
1232 3559 1346 3638 dignis-

96 3664 200 3724 simam
233 3661 263 3734 4,
285 3661 334 3732 30,
359 3661 384 3719 l.
428 3660 512 3721 Inter
540 3655 702 3720 altissimos
729 3659 917 3720 condiciones
939 3678 1078 3736 generum
1102 3678 1160 3719 non
1185 3659 1345 3722 honoribus

96 3763 276 3844 principem,
299 3761 352 3821 sed
374 3759 524 3839 sapientia
546 3759 635 3839 elegit
660 3761 686 3833 l,
711 3760 759 3832 10,
782 3759 811 3820 8.
840 3753 1051 3844 (31313333
1075 3759 1213 3822 altiores’'
1236 3757 1342 3830 Quint.

95 3867 118 3928 Ι.
141 3865 176 3928 Ο.
200 3863 230 3936 8,
253 3862 282 3934 3,
305 3864 332 3921 2.
378 3859 574 3922 ''Altioribus
600 3859 782 3939 disciplinis”
812 3860 940 3934 111132,
965 3860 1042 3933 1,3.
1087 3860 1205 3922 ”Altior
1230 3860 1342 3940 pavur”

95 3967 165 4027 Tac.
189 3965 270 4027 Ann.
296 3960 342 4033 16,
365 3959 414 4023 29.
444 3961 537 4022 ”Α113
558 3958 812 4021 613311331311333”
833 3961 917 4023 Ourt.
936 3961 984 4032 10,
1000 3959 1029 4035 9,
1044 3959 1089 4042 8).
1126 3963 1267 4022 Fortasse
1282 3979 1341 4022 non

95 4079 142 4128 est
164 4064 282 4127 silentio
302 4061 536 4142 pratereundum
560 4061 638 4140 apud
661 4061 790 4124 Plinium
815 4061 885 4141 legi:
908 4061 992 4124 Nihil
1014 4059 1104 4121 311133
1126 4059 1219 4121 voluit
1244 4062 1270 4134 l,
1296 4061 1341 4135 14,

93 4168 188 4248 5313
212 4185 256 4236 33,
284 4163 361 4245 quod
384 4173 430 4223 est
453 4160 605 4222 usitatius:
629 4161 715 4222 ”Non
740 4161 855 4239 majora
877 4161 1038 4243 spectavit,
1062 4160 1216 4240 appetiit.''

177 4265 354 4328 Arcessitus.
387 4261 567 4324 Praeteriens
590 4281 703 4337 moneo,
727 4262 857 4324 Plinium
882 4264 991 4325 dixisse
1013 4261 1187 4322 arcessitam
1202 4269 1340 4324 mortem:

94 4371 179 4442 Quos
211 4366 352 4428 arcessitu
385 4382 463 4426 mors
496 4363 594 4424 aufert
618 4363 644 4437 l,
670 4363 717 4436 12,
739 4365 768 4438 2,
794 4383 847 4442 pro
870 4364 982 4426 ”morte
1006 4359 1203 4435 voluntaria”,
1235 4371 1268 4424 ut
1294 4373 1341 4426 est

93 4472 171 4553 apud
204 4468 379 4531 Ciceronem
413 4462 496 4548 (Fiu.
519 4464 548 4537 3,
572 4462 621 4536 18,
643 4461 716 4549 61),
748 4484 926 4546 quamquam
951 4462 1130 4523 translatum
1153 4463 1339 4527 1331333313

93 4597 292 4612 —.............

143 4653 161 4721 Ι1
184 4658 237 4711 Cir.
261 4653 360 4715 Kreba‚
383 4652 400 4705 1,
417 4651 433 4704 l,
457 4669 476 4706 2,
492 4667 516 4706 v·
538 4650 648 4706 unone...
