3226 5332
351 462 392 516 ne
414 461 474 518 vita
495 465 524 517 ea
544 460 700 516 inustione
721 459 750 515 o.
774 459 860 515 erran
880 461 984 517 cecant
1005 462 1132 518 menan
1309 441 1366 514 rar

205 631 390 717 Recollipere
415 634 535 715 propria
560 633 776 715 significatione
804 633 921 696 dicitur.
970 633 1044 696 (lusu
1079 632 1213 696 hmsisset
1244 634 1369 695 descen·
1428 623 1431 632 ’

122 735 205 797 denti
226 735 322 810 stola,
349 734 441 797 vertit
462 755 493 797 se
516 755 551 798 ec
572 733 720 816 recolleqit
740 734 770 808 4,
795 735 843 807 ll,
865 733 893 796 9.
936 734 999 797 cn.
1021 733 1182 796 Actionem
1206 753 1301 796 meam
1322 755 1371 796 re·

121 832 225 919 codepi
244 834 275 907 9,
300 837 349 909 13,
371 837 420 899 23.
444 835 531 919 (Son.
554 837 628 898 Βειι.
654 835 680 908 1,
702 834 733 909 9,
755 836 784 896 4.
806 836 886 896 Just.
909 835 974 898 Ool.
996 831 1136 917 Lucan).

206 934 363 1022 Resovem.
406 937 481 1000 Haec
502 957 561 999 vox
582 936 700 1018 pottica
722 944 864 1014 argentea
886 945 976 997 aetate
990 955 1043 1015 ρει·
1058 933 1285 997 translationem
1301 934 1373 1014 poni

121 1045 231 1117 coepta
257 1046 303 1099 est
331 1056 385 1118 pro
414 1056 449 1099 eo
470 1039 546 1119 quod
571 1046 619 1100 εει
639 1034 782 1108 recolere,
814 1035 977 1098 rectinere.
1027 1035 1103 1105 Quae
1126 1032 1259 1118 (studia)
1281 1053 1373 1114 prope

121 1137 273 1200 exstincta
292 1137 465 1224 refoventur
479 1138 509 1212 3,
528 1137 575 1212 18,
590 1139 618 1200 5.
642 1137 705 1199 Gir.
727 1138 803 1199 Pan.
821 1135 868 1197 18.
884 1135 933 1200 69.
957 1135 1052 1219 (Vell.
1069 1133 1371 1217 rainstesten).

205 1235 390 1320 Refrupori,
418 1239 495 1320 quod
519 1239 598 1319 apud
627 1247 743 1300 veteres
764 1237 925 1317 scriptores
946 1236 1067 1317 proprie
1088 1236 1304 1316 significatione
1326 1237 1374 1299 di-

122 1338 256 1413 cebatur,
288 1338 403 1401 Plinius
436 1347 466 1400 et
496 1340 623 1420 aequales
650 1357 702 1418 per
725 1338 950 1400 translationem
978 1346 1142 1418 posuerunt
1165 1339 1223 1398 fere
1245 1355 1299 1417 pro
1321 1356 1373 1412 eo,

121 1441 198 1520 quod
221 1448 269 1502 εει
289 1437 419 1513 obstare,
441 1439 608 1503 adversari.
652 1438 685 1502 Si
711 1439 838 1501 materie
861 1458 920 1501 non
942 1437 1113 1521 refrepatur
1133 1439 1163 1511 2,
1187 1437 1216 1510 5,
1237 1436 1267 1498 5.
1310 1438 1373 1501 cn.

121 1540 150 1615 3,
175 1538 224 1613 19,
247 1539 276 1602 9.
299 1537 419 1623 (Quint.
442 1540 527 1603 Curt.
550 1539 613 1623 ab).

203 1637 381 1704 Resoribme
404 1642 483 1722 apud
514 1650 630 1704 veteres
659 1641 820 1724 scriptores
842 1641 860 1702 i.
884 1641 943 1702 fere
964 1659 989 1700 s.
1012 1659 1040 1720 q.
1063 1639 1240 1720 respondere
1261 1639 1299 1700 ad
1322 1638 1374 1700 lit-

121 1750 202 1803 teras
234 1751 266 1803 et
296 1741 327 1803 in
349 1761 381 1803 re
403 1741 577 1821 pecuniaria
599 1753 768 1823 usurpatur,
800 1744 852 1804 sed
880 1742 960 1821 apud
981 1741 1109 1803 Plinium
1132 1749 1163 1801 et
1183 1739 1313 1820 aequales
1336 1741 1373 1802 de

121 1842 240 1924 scriptis
255 1842 376 1922 ponitur
393 1843 498 1904 eadem
519 1843 733 1923 significatione
748 1863 807 1924 qua
822 1851 993 1906 retractare.
1019 1841 1111 1902 Potes
1123 1839 1209 1902 simul
1223 1850 1253 1902 et
1264 1841 1374 1902 rescri-

122 1939 188 2006 bere
209 1943 345 2004 actiones
367 1953 398 2004 et
419 1962 596 2024 componere
619 1945 773 2006 historiam
795 1945 824 2017 5,
839 1944 869 2017 8,
885 1937 913 2004 7.
936 1936 965 2015 7,
980 1939 1009 2015 9,
1024 1941 1050 2002 5,
1074 1941 1105 2013 8,
1121 1942 1171 2015 21,
1194 1939 1221 2003 6.
1245 1939 1373 2025 (Suet).

203 2040 399 2127 Rostrinpere
425 2043 546 2124 propria
571 2045 600 2106 vi
626 2045 762 2124 subjecta
787 2045 865 2124 apud
888 2051 994 2124 poetas
1016 2042 1181 2120 Augusteae
1202 2042 1303 2104 aetatis
1325 2043 1373 2103 in·

122 2144 241 2206 venitur
261 2155 351 2225 atque
379 2143 409 2206 in
433 2144 590 2225 participio
618 2145 747 2226 positum
771 2153 872 2207 exstat
893 2143 973 2224 apud
996 2142 1170 2205 Ciceronem
1194 2162 1246 2223 pro
1268 2161 1374 2222 parco,

122 2263 230 2319 avaro,
256 2244 372 2308 Plinius
394 2253 496 2308 antem
520 2254 551 2308 ει
572 2245 700 2327 aequales
727 2265 779 2327 per
806 2244 1033 2308 translationem
1055 2255 1219 2324 posuerunt
1240 2245 1300 2306 iere
1321 2263 1375 2324 pro

121 2363 170 2421 eo,
204 2347 282 2427 qnod
309 2355 357 2408 εει
383 2353 530 2420 sumcere,
551 2344 693 2410 cohibere.
736 2347 881 2426 Sumptus
907 2345 1133 2408 candidatorum
1157 2343 1287 2408 ambitus
1310 2344 1374 2425 lege

119 2447 280 2509 nostrimeit
310 2445 341 2521 6,
365 2445 413 2522 19,
436 2447 466 2509 4.
498 2447 560 2510 cn.
586 2448 613 2523 1,
635 2447 665 2522 8,
687 2446 716 2510 9.
738 2447 769 2520 5,
793 2447 840 2521 19,
863 2446 892 2509 9.
935 2447 987 2508 An
1020 2443 1186 2507 restrictius
1218 2445 1373 2508 arbitraris

118 2565 175 2627 ρει
197 2548 299 2610 orbem
317 2557 464 2610 terramm
483 2548 638 2627 legendum
652 2548 724 2610 dere
739 2548 914 2610 duraturam
931 2547 1104 2609 memoriam
1119 2547 1226 2608 suam?
1240 2545 1270 2620 9,
1283 2544 1332 2621 19,
1344 2545 1373 2608 6.
1454 2627 1457 2636 Ι

116 2645 210 2733 (Sen.
233 2648 306 2710 Tac.
329 2648 408 2712 Plio.
431 2645 528 2731 maj.).

203 2745 389 2811 Substituere
415 2749 541 2830 aliquem
563 2746 687 2810 crimini
707 2748 817 2811 locutio
839 2757 886 2810 est
903 2748 1200 2828 jurisconsultorum,
1228 2768 1286 2830 qua
1310 2749 1375 2812 Pli-

114 2849 188 2913 nius
220 2869 293 2912 usus
325 2858 371 2911 est
403 2851 508 2910 eadem
538 2850 596 2911 tero
623 2848 854 2928 significatione,
885 2869 947 2931 qua
977 2870 1063 2912 reum
1090 2869 1193 2933 opere,
1225 2869 1374 2914 αεειιεαεε.

111 2948 384 3014 Substituebantur
414 2949 537 3012 cumini·
564 2949 691 3014 Senecio
714 2958 745 3012 et
770 2951 957 3032 Eurythmus
984 2949 1014 3025 6,
1036 2952 1087 3024 31,
1108 2950 1137 3013 8.
1166 2949 1244 3037 (Cir.
1267 2943 1375 3021 Quint.

110 3050 141 3114 1.
165 3049 204 3114 Ο.
227 3045 257 3125 7,
278 3049 309 3125 4,
334 3051 381 3114 15.
421 3050 576 3113 '’Fortuna
603 3050 797 3114 substituitur
824 3052 949 3133 oulpae.”
982 3051 1049 3113 Liv.
1071 3050 1132 3112 alia
1157 3051 1375 3132 significatione

110 3151 218 3234 posuit
241 3151 302 3214 fere
323 3170 377 3232 pro
398 3171 448 3225 eo,
470 3153 547 3232 quod
569 3161 617 3215 est
638 3151 757 3214 ”animo
779 3162 810 3214 et
832 3151 1012 3234 cogitatione
1034 3153 1160 3231 fingere,
1182 3152 1282 3214 animo
1305 3172 1374 3232 pro-

111 3251 260 3335 ponere.”
314 3251 542 3315 ”Substitueret
574 3253 675 3315 animo
708 3253 835 3334 speciem
864 3271 979 3335 qnoque
1011 3251 1143 3333 corporis
1174 3252 1305 3334 amplam
1339 3273 1375 3318 ao

112 3350 329 3434 magnificam’'
350 3353 418 3416 Liv.
440 3351 490 3427 28,
512 3352 564 3428 35,
584 3351 630 3438 5).

205 3451 387 3538 Transipere
419 3454 456 3516 da
482 3462 617 3535 tempore
639 3475 723 3518 nemo
746 3455 898 3518 meliorum
921 3453 1101 3535 scriptorum
1123 3455 1234 3518 dixisse
1259 3457 1376 3519 videtur

115 3573 172 3635 pro
195 3573 245 3628 eo,
267 3555 346 3636 quod
368 3565 416 3616 est
436 3574 541 3637 opere,
569 3555 684 3639 depone.
728 3555 943 3620 Disertissimis
965 3556 1154 3618 sermonibus
1176 3557 1239 3618 dies
1260 3558 1376 3620 transi·

112 3653 204 3739 pedat
226 3656 256 3728 3,
279 3649 309 3729 7,
329 3656 360 3717 4.
389 3656 466 3717 Pan.
489 3654 539 3717 48.

206 3754 421 3819 Transmittere
453 3765 559 3818 contra
586 3756 832 3820 consuetudinem
854 3755 1033 3836 optimorum
1055 3757 1233 3838 scriptorum
1256 3758 1375 3837 ponitur

117 3855 147 3917 in
171 3855 322 3919 nonnullis
344 3855 559 3930 locutionibus,
585 3858 679 3918 velut:
702 3857 869 3930 Mirareris,
894 3867 929 3920 ut
949 3857 1153 3920 incredibilem
1177 3857 1302 3920 febrium
1324 3877 1375 3920 ar-

118 3957 220 4020 dorem
252 3957 438 4019 transmittat
462 3958 489 4030 l,
510 3959 560 4032 22,
583 3952 612 4019 7.
644 3956 727 4040 (Hoc
759 3958 823 4018 loco
856 3958 936 4020 idem
968 3960 1028 4021 t'ere
1060 3958 1230 4038 significare
1247 3958 1375 4032 videtur,

119 4057 198 4137 quod
219 4055 361 4132 tolerare,
389 4054 551 4140 perferre).
588 4057 649 4119 Gir.
672 4056 780 4137 Incipit
807 4057 1018 4120 transmissum
1044 4058 1203 4120 discrimen
1233 4059 1375 4121 convale-

118 4158 227 4220 scendo
250 4157 349 4220 metiri
375 4155 527 4232 8,11,2.
574 4156 714 4220 Secessus
747 4157 917 4238 voluptates
950 4159 1135 4240 regionisque
1157 4159 1374 4222 abundantiam

119 4259 266 4320 inoffensa
286 4257 503 4320 transmitteres
524 4256 554 4331 6,
571 4257 601 4332 4,
615 4259 644 4318 2.
680 4259 727 4320 De
747 4267 882 4339 tempore
903 4259 1016 4322 dictum
1033 4259 1054 4321 i.
1068 4278 1092 4320 ε.
1109 4279 1138 4340 q.
1150 4277 1247 4342 opere.
1279 4258 1376 4322 Omne

120 4356 176 4420 boc
197 4367 315 4439 tempus
334 4358 553 4438 jucundissima
567 4358 667 4440 quiete
688 4359 845 4421 transmisi
854 4356 884 4433 9,
897 4356 927 4434 6,
940 4361 968 4421 l.
990 4356 1077 4441 (Sen.
1090 4360 1170 4420 Plio.
1185 4358 1374 4444 maistas).

124 4456 299 4521 Transitum
319 4459 394 4522 dure
415 4458 564 4539 significat
585 4459 676 4520 etiem
699 4479 765 4522 oum
786 4459 921 4537 subjecto
936 4460 977 4520 rei
993 4459 1194 4537 conjunctum.
1226 4447 1376 4543 (Crypto-

122 4556 269 4643 porticus)
291 4561 465 4639 patentibns
489 4560 627 4621 fenestris
650 4560 785 4622 favonios
807 4559 918 4638 accipit
938 4558 1173 4642 transmittitque
1200 4560 1231 4633 2,
1257 4554 1304 4634 17,
1330 4561 1376 4624 19.

123 4658 183 4720 (11ι.
204 4659 236 4734 8,
256 4657 288 4734 8,
309 4660 340 4721 3.
362 4659 451 4746 (San.
474 4660 552 4721 Plin.
575 4657 671 4743 maj).
