3226 5332
40 439 96 496 106
513 443 539 498 J.
563 441 594 498 P.
617 443 785 514 Lagergren.

36 615 148 677 tionem
176 615 371 696 mitigandam
393 616 492 678 verbis
524 625 557 678 at
587 614 631 678 ita
663 615 773 679 caum.
826 613 957 695 Sparsas
984 623 1089 697 atque,
1116 625 1150 677 nt
1171 615 1217 676 ita
1241 615 1286 676 di-

37 735 117 789 cam,
138 714 253 778 laceras
275 717 457 797 gentilitates
480 718 616 797 colligere
638 719 714 780 Pan.
736 715 787 778 30.
809 715 920 799 (Sem).

119 813 279 879 Marcidus
301 818 423 898 propria
444 818 658 898 significatione
680 817 759 899 apud
781 816 860 879 Vitr.
875 817 930 880 Ov.
946 815 1021 878 alios
1043 815 1159 896 legitur,
1182 826 1288 896 postea

36 935 106 978 varo
129 918 220 980 etiam
244 937 295 998 per
316 918 544 981 translationem
572 919 701 998 positum
724 927 769 980 est
791 917 968 980 vocabulum
990 918 1052 978 fere
1073 936 1129 998 pro
1151 916 1183 979 a'a
1207 938 1288 990 rato,

35 1015 188 1099 languldo.
225 1018 293 1080 Non
316 1019 368 1080 alii
389 1019 519 1082 marcidi
540 1039 644 1082 somno
666 1019 852 1082 comitiorum
874 1037 993 1080 suorum
1017 1018 1137 1080 nuntios
1152 1018 1288 1098 opperie-

36 1119 164 1181 bantur?
185 1121 262 1182 Pan.
284 1118 333 1193 63,
355 1118 443 1203 (San.
465 1122 549 1183 Tac..
573 1121 643 1184 Val.
666 1121 761 1194 Max,
783 1119 888 1202 Stat).

118 1217 241 1281 Nudas.
284 1219 385 1282 Nuda
419 1223 510 1283 verba
542 1221 619 1284 dixit
653 1223 743 1282 verba
771 1220 953 1301 singularum
983 1239 1079 1282 rernm
1108 1219 1230 1301 propria
1253 1239 1288 1282 eo

37 1320 252 1400 turpitudinem
285 1323 326 1386 rei
354 1322 439 1403 quasi
468 1322 609 1402 mitigans
638 1323 762 1384 lenitate
790 1321 872 1383 vorbi
895 1322 940 1382 vel
963 1340 1015 1401 par
1037 1307 1288 1402 euphemianum,

36 1432 69 1484 ut
101 1422 199 1498 aiunt,
233 1423 333 1503 posuit
358 1443 410 1502 pro
439 1423 586 1486 obscenis.
629 1423 698 1486 Erit
719 1422 893 1485 eruditionis
922 1432 981 1485 tuae
1002 1423 1134 1503 cogitare
1157 1441 1289 1485 summos

36 1522 102 1583 illos
131 1523 208 1585 viros
238 1544 295 1585 non
323 1524 411 1586 modo
440 1523 565 1586 lascivia
588 1543 685 1586 rerum
709 1524 761 1584 sed
784 1543 821 1584 ne
843 1523 940 1584 verbis
962 1522 1080 1604 quidem
1103 1522 1197 1586 audis
1219 1523 1290 1584 abs·

35 1624 160 1686 tinuisse
191 1624 227 1698 4,
252 1625 306 1698 14,
329 1625 357 1687 4.
391 1621 513 1710 (Quint.
536 1624 573 1698 8,
601 1625 630 1698 3,
659 1624 708 1686 38.
752 1623 805 1687 ”Si
838 1624 968 1685 obscena
1000 1624 1086 1686 nudis
1121 1622 1288 1686 nominibus

35 1725 270 1809 enuntientur').

118 1822 229 1888 Obuius
250 1846 303 1908 pro
325 1827 418 1900 comi,
440 1823 560 1910 affabili
580 1825 698 1887 dicitnr.
743 1825 799 1886 Est
826 1823 929 1886 obvias
956 1824 1120 1906 plenusque
1149 1825 1289 1888 humani-

34 1935 98 1989 tate
134 1928 159 2003 1,
186 1929 232 2000 10,
254 1931 283 1989 2.
327 1929 373 1990 De
396 1928 484 1988 rebus
508 1926 616 1988 dicitur
639 1928 700 1988 lere
723 1945 775 2006 pro
795 1935 951 2010 prompto,
978 1923 1088 2008 sacili,
1111 1923 1288 1989 voluatan'o.

35 2027 150 2090 Vereor
168 2038 201 2090 ut
222 2030 263 2089 sit
284 2028 360 2090 satis
383 2047 549 2108 congruens
573 2047 623 2088 eas
646 2027 736 2088 etiarn
758 2026 796 2088 ad
818 2046 892 2108 quos
914 2047 951 2088 ex
974 2046 1094 2088 munere
1118 2037 1221 2090 nostro
1244 2027 1290 2088 ni-

34 2129 73 2190 hil
97 2129 226 2210 pertinet
249 2140 355 2208 praeter
376 2129 543 2210 exemplum
567 2129 648 2190 velut
670 2126 756 2190 obvia
779 2127 989 2189 adsentatione
1012 2129 1185 2209 conquirere
1210 2129 1237 2201 l,
1259 2127 1288 2202 8,

38 2225 85 2292 l7.
123 2227 247 2314 (Quint.
271 2226 372 2312 Tac).

117 2329 274 2411 Papaaas.
318 2331 384 2392 Hoc
413 2329 589 2391 vocabulum
612 2329 796 2390 substantivi
818 2329 882 2391 loco
905 2330 1034 2410 positum
1058 2331 1175 2411 proprie
1197 2329 1288 2411 signi-

34 2433 106 2494 ficat
127 2431 254 2493 incolam
279 2432 355 2511 pagi,
378 2430 522 2493 rusticum
545 2417 633 2514 (Cli.¹
648 2429 709 2492 Oia.
732 2431 819 2491 Dom.
843 2430 893 2505 28,
916 2426 964 2493 74.
988 2432 1078 2492 Anat.
1097 2431 1172 2492 Bell.
1196 2431 1287 2494 Alex.

35 2530 101 2614 36),
124 2533 176 2593 sed
198 2532 409 2612 imperatorum
434 2539 522 2593 aetate
545 2530 720 2612 ''paganus'’
737 2531 794 2593 dici
810 2541 932 2612 coeptus
947 2541 1009 2607 est,
1032 2531 1164 2613 quisquis
1181 2533 1289 2595 militia

33 2653 145 2695 vacuus
169 2643 248 2706 erat,
277 2633 492 2714 opponiturque
516 2631 671 2693 militibus.
715 2633 757 2694 Et
785 2630 893 2694 milites
915 2641 946 2694 et
964 2633 1082 2716 papatui
1102 2631 1128 2694 ei
1151 2635 1289 2696 testimo-

33 2735 84 2795 nia
104 2734 329 2815 partribuerunt
358 2734 406 2807 10,
428 2731 468 2795 86
491 2731 574 2816 (18),
597 2735 626 2795 2.
659 2731 748 2818 (Tac.
773 2733 856 2796 Suet.
879 2732 975 2818 Jua).
1018 2737 1077 2796 Per
1110 2735 1288 2797 translatio-

35 2855 100 2896 nem
133 2836 263 2916 positum
299 2844 345 2896 est
379 2835 438 2895 lere
470 2853 523 2914 pro
556 2833 678 2907 rustico,
707 2833 826 2916 agresti.
870 2835 971 2897 Etiam
995 2835 1024 2895 in
1048 2835 1156 2897 litteris
1180 2834 1292 2897 nostris

34 2936 132 3016 plures
155 2936 237 2998 cultu
254 2956 377 3019 papaao
400 2930 429 3008 7,
444 2933 493 3010 25,
510 2935 537 2997 6.
562 2934 640 3017 (Olr.
664 2935 901 3016 '’Semipaganus
928 2938 966 2998 ad
989 2956 1075 2998 sacra
1096 2944 1200 2998 vatum
1225 2956 1292 2998 car·

33 3057 99 3100 men
122 3038 213 3099 affero
236 3037 390 3099 nostrum'
413 3037 497 3098 Pers.
520 3035 600 3098 Prol.
624 3035 669 3119 6).

116 3137 217 3200 Paria
237 3139 355 3220 facere,
379 3159 443 3220 quae
467 3138 577 3200 locutio
600 3136 800 3200 arationibus
816 3137 1010 3199 conficiendis
1028 3137 1118 3199 ducta
1134 3146 1191 3212 est,
1212 3139 1293 3218 apud

33 3239 164 3302 Plinium
187 3260 239 3320 per
261 3240 487 3303 translationem
511 3249 542 3300 et
565 3239 718 3312 absolute,
752 3247 784 3300 ut
806 3239 907 3312 aiunt,
934 3239 1060 3319 ponitur·
1077 3247 1107 3301 et
1130 3259 1196 3301 cum
1221 3259 1294 3320 par-

33 3341 133 3405 ticulis
155 3363 223 3404 cram
245 3349 275 3402 et
291 3362 352 3424 pro
375 3340 575 3421 conjungitur.
609 3339 676 3400 Non
698 3337 760 3418 feci
778 3349 877 3401 tamen
897 3338 994 3424 paria
1010 3336 1038 3414 7,
1055 3339 1103 3414 10,
1122 3341 1169 3402 10.
1203 3338 1293 3410 Quod

32 3444 58 3505 si
80 3444 198 3524 quando
221 3463 290 3504 cam
311 3441 503 3504 influentibus
527 3440 652 3518 negotiis
669 3438 763 3522 paria
777 3439 898 3524 fecisti,
920 3441 1018 3503 instar
1041 3439 1213 3504 relectionis
1229 3442 1294 3503 exi-

32 3543 139 3607 stimas
173 3543 367 3606 mutationem
401 3541 512 3604 laboris
546 3540 622 3601 Pan.
645 3539 695 3602 8l.
740 3541 828 3603 Solus
862 3544 901 3604 ad
928 3541 984 3604 hoc
1011 3541 1147 3625 aevi'pro
1169 3561 1292 3604 munere

32 3653 118 3707 tanto
145 3645 241 3729 parda
274 3643 447 3724 accipiendo
465 3639 570 3724 fecisti
601 3639 676 3702 Pan.
699 3639 727 3702 6.
756 3640 852 3726 (Plin.
875 3643 944 3721 rnaj.
968 3641 1057 3726 Seu.)
1091 3643 1209 3706 Seneca
1235 3646 1291 3725 Ep.

32 3750 62 3820 2,
86 3742 105 3809 7
128 3746 210 3831 (19),
235 3748 273 3809 10
306 3744 368 3831 (ed.
391 3739 511 3825 Haase)
535 3741 640 3803 eadem
664 3742 880 3823 significatione
903 3743 993 3805 dixit:
1030 3744 1159 3806 ”Parem
1193 3747 1290 3808 lacere

32 3848 198 3910 rationem”
213 3848 252 3932 ¹).
276 3845 428 3910 Ciceronis
444 3852 535 3904 aetate
558 3842 714 3904 dicebatur
729 3845 806 3908 lere:
828 3845 910 3906 ”Par
923 3844 988 3926 pari
1000 3843 1200 3926 respondere’'
1212 3845 1290 3930 (cu.

32 3949 100 4011 Att.
117 3948 147 4024 6,
166 3951 193 4022 1,
209 3951 258 4010 22.
276 3948 325 4021 16,
337 3941 365 4019 7,
377 3943 422 4028 6).
453 3943 535 4004 ”Par
554 3963 607 4023 pro
624 3943 690 4024 pari
711 3946 850 4008 referre.”
873 3944 951 4030 (Gir.
965 3948 1033 4008 Ter.
1045 3947 1123 4008 Eun.
1139 3947 1169 4020 3,
1185 3947 1211 4020 l,
1224 3946 1290 4031 55).

115 4048 284 4113 Romanas.
328 4046 415 4118 Quod
450 4043 565 4105 Plinius
593 4044 669 4106 dixit
698 4045 827 4126 linguam
856 4067 1014 4109 romanam
1044 4065 1097 4126 pro
1121 4046 1222 4127 lingua
1244 4048 1290 4110 la-

31 4152 111 4225 tina,
133 4151 163 4212 id
187 4150 302 4231 quidem
326 4149 400 4209 satis
423 4165 522 4206 rarum
544 4154 592 4206 est
612 4154 643 4207 et
665 4156 829 4210 aveterurn
845 4147 1061 4209 consuetudine
1077 4148 1219 4229 loquendi
1235 4151 1290 4212 ab·

32 4253 150 4314 horrere
173 4253 298 4312 videtur.
333 4249 404 4312 Sine
426 4247 519 4307 isdem
544 4247 651 4327 quibus
673 4248 774 4329 lingua
797 4247 939 4312 Romana
959 4248 1067 4327 spatiis
1088 4259 1290 4330 pervagentur

32 4353 132 4439 (libri)
154 4355 184 4427 2,
209 4352 257 4424 10,
279 4354 308 4414 2.
348 4347 508 4434 (Similiter
530 4344 735 4416 Quintilianus
757 4351 847 4412 dixit:
880 4348 1074 4412 ''Sermonem
1097 4349 1289 4414 Romanum''

31 4455 54 4515 1.
71 4454 106 4517 Ο.
132 4455 160 4527 1,
176 4453 206 4526 5,
221 4452 270 4514 58.
314 4454 487 4517 ''Romanos
509 4449 662 4510 oratores”
688 4451 735 4523 10,
761 4452 786 4524 l,
808 4450 858 4513 38.
881 4449 941 4512 cfr.
963 4449 993 4522 8,
1015 4447 1044 4524 6,
1068 4445 1135 4534 30).

32 4599 229 4608 ψ

81 4667 98 4739 Ι)
122 4673 172 4729 Clr.
195 4671 371 4742 Rosengren,
395 4671 451 4725 'lle
473 4668 633 4724 Elocutione
655 4667 788 4731 Senecae'’,
811 4669 878 4740 Peg.
903 4667 951 4723 37.
983 4668 1111 4739 Upsaliae.
