3226 5332
264 419 322 478 146
605 457 607 462 -
750 422 776 478 J.
798 421 830 478 P.
853 421 1021 494 Legergren.

343 591 551 680 impatienter.
583 592 762 681 (Juvenem)
783 597 973 681 impatienter
992 594 1111 676 requiro
1136 594 1166 668 2,
1187 586 1218 666 7,
1238 589 1269 655 6.
1300 588 1510 674 Impetientiae

260 715 365 762 careas
387 695 417 770 6,
442 697 469 770 l,
491 696 518 758 l.
561 696 653 758 Dolet
673 707 708 760 ut
728 698 779 780 qui
799 693 1058 782 impatientissime
1078 694 1108 771 9,
1130 695 1180 768 22,
1202 695 1231 756 2.
1253 690 1344 777 (Teo.
1366 691 1474 775 Just).

342 795 481 860 Innonie.
524 795 612 859 Dixit
643 818 766 862 oausam
787 799 931 862 Claudius
952 797 1094 871 Ariston,
1122 796 1211 858 homo
1233 794 1391 857 munificus
1413 800 1445 854 et
1465 792 1510 854 15

258 898 347 964 noeie
367 897 519 979 populeris
540 898 569 972 6,
590 897 640 973 31,
661 903 692 962 3.
714 898 808 985 (Ρ115.
831 897 927 983 mei).

340 997 494 1062 laetamen
521 999 541 1062 i.
562 1018 586 1061 s.
608 1018 637 1081 q.
658 1001 777 1077 5551155,
802 998 992 1066 veliementer.
1034 997 1203 1080 Respondit
1224 996 1395 1059 Herennius
1416 995 1510 1058 Pollio

258 1099 403 1164 instanter
423 1101 453 1175 4,
474 1097 504 1175 9,
529 1100 575 1162 14.
612 1095 1025 1178 5551551111.
1068 1100 1145 1162 Tum
1167 1099 1246 1161 idem
1268 1097 1318 1160 ille
1340 1116 1380 1159 ex
1400 1097 1511 1177 Hispa-

227 1261 228 1266 ,
257 1202 308 1264 515
333 1202 447 1265 amicus
468 1203 567 1265 aerius
590 1212 622 1266 et
642 1203 806 1268 instantiae
827 1198 958 1290 (inquit)
980 1201 1010 1277 6,
1032 1203 1082 1277 20,
1108 1202 1154 1263 10.
1187 1197 1309 1285 (Quint.
1333 1199 1407 1260 Tac.
1431 1197 1511 1262 Suet.

257 1299 363 1388 Just).

338 1401 498 1468 Invennete
518 1405 538 1468 i.
561 1423 586 1467 s.
608 1425 635 1486 q.
664 1427 725 1468 non
746 1413 882 1479 venuste,
908 1402 1037 1489 illepide.
1080 1401 1180 1465 Julius
1205 1400 1360 1464 Candidus
1383 1419 1442 1462 nou
1464 1400 1511 1462 in·

256 1513 374 1568 eennete
400 1505 478 1570 solet
498 1505 596 1570 dioere
618 1506 699 1570 aliud
725 1525 789 1570 esse
811 1505 1027 1589 eloquentiam,
1049 1503 1130 1567 aliud
1151 1502 1338 1585 loquentiam
1360 1500 1391 1576 5,
1412 1502 1463 1576 20,
1484 1500 1510 1562 5.

257 1603 406 1692 (Quint).

339 1703 442 1790 Pigra.
484 1706 535 1770 Ad
557 1707 736 1772 audiendum
753 1710 845 1794 pipre
866 1708 963 1771 coitur
985 1707 1013 1783 l,
1037 1706 1086 1780 13,
1110 1706 1141 1775 l.
1160 1705 1238 1767 Pan.
1253 1699 1304 1766 71.
1327 1700 1417 1789 (855.
1435 1703 1509 1765 Ρ115.

256 1807 328 1888 maj.
350 1807 442 1892 051).

336 1906 520 1972 Notabiliter
541 1909 651 1972 dicitur
673 1911 732 1974 fere
754 1930 808 1991 pro
831 1929 881 1984 eo,
909 1910 989 1993 quod
1010 1918 1057 1973 ast
1071 1906 1227 1991 insignite,
1249 1903 1419 1988 insipniter.
1447 1906 1510 1967 Ex-

253 2009 362 2093 palluit
382 2008 552 2074 notabiliter
575 2011 604 2086 1,
625 2010 656 2086 5,
680 2013 727 2074 13.
750 2011 779 2086 5,
805 2005 852 2088 17,
875 2012 903 2074 5.
927 2011 1015 2097 (Tae.
1040 2006 1150 2093 Suet).

336 2107 439 2174 Obiter
470 2112 489 2174 i.
519 2113 579 2175 fere
607 2132 631 2175 s.
654 2131 681 2194 q.
705 2134 764 2196 per
791 2113 982 2176 occasionem.
1026 2112 1093 2175 Non
1128 2117 1175 2172 est
1205 2107 1410 2190 simplicitatis
1438 2126 1509 2170 mere

254 2211 442 2274 dissimulare
469 2213 549 2294 apud
576 2213 743 2278 bonitatem
768 2222 854 2277 tuam
875 2212 970 2277 obiter
990 2223 1021 2276 te
1043 2211 1203 2294 plurimum
1227 2209 1405 2273 collaturam
1427 2208 1509 2271 utili-

253 2313 367 2376 tatibus
399 2313 441 2376 rei
474 2313 630 2376 familiaris
663 2333 736 2376 meae
771 2316 819 2390 10,
840 2315 861 2377 8
884 2312 967 2401 (24),
988 2310 1062 2400 5¹).
1105 2311 1269 2399 (Originem
1297 2310 1384 2390 hujus
1414 2309 1509 2382 verbi,

253 2414 331 2495 quod
354 2413 403 2476 ”in
427 2414 491 2489 via,
514 2415 543 2477 iu
566 2415 692 2478 itinere”
715 2417 833 2498 proprie
855 2415 1014 2498 significet,
1035 2414 1209 2477 Priscianus
1225 2412 1313 2474 duxit
1328 2433 1366 2475 ex
1381 2408 1417 2474 55
1432 2430 1508 2492 pra·

252 2514 400 2596 positione
422 2522 453 2576 51
474 2515 683 2590 substantivo,
716 2518 794 2597 quod
816 2527 865 2580 est
885 2517 953 2591 iter,
987 2536 1053 2598 quae
1075 2511 1223 2578 vocabula
1248 2520 1336 2594 putat
1365 2513 1398 2573 in
1420 2531 1509 2574 unum

253 2615 338 2697 quasi
372 2615 501 2678 conflate
533 2636 610 2680 esse.
652 2618 688 2680 In
719 2617 792 2699 ipsis
821 2627 921 2682 autem
949 2617 1114 2680 litterarum
1136 2614 1355 2691 monumentis,
1385 2632 1451 2695 quae
1472 2611 1510 2674 ad

253 2724 385 2778 nostram
412 2726 534 2781 atatem
558 2727 750 2793 manserunt,
784 2739 843 2782 noo
865 2727 968 2782 exstet
990 2719 1047 2782 uisi
1071 2718 1151 2798 apud
1172 2715 1334 2796 scriptores
1361 2720 1510 2794 argentea

254 2817 370 2892 atatis,
393 2817 477 2881 velut
498 2820 578 2901 apud
599 2819 678 2882 Plio.
702 2821 771 2901 maj.
795 2821 867 2884 Seu.
889 2821 976 2893 Jun,
1003 2820 1052 2901 qui
1075 2827 1239 2900 posueruut
1261 2818 1366 2880 eadem
1391 2814 1511 2888 155551,

254 2937 314 3000 qua
335 2918 440 2981 Cicero
462 2920 539 2983 dixit
561 2920 665 3002 ”qnasi
687 2923 877 3003 praeteriens,
905 2920 941 2986 ir
961 2917 1107 3006 παρόδῳ,
1130 2918 1166 2984 ἐν
1187 2918 1384 3006 παρέργῳ).”

334 3017 555 3104 Principaliter
575 3023 596 3084 i.
618 3042 641 3086 s.
664 3042 692 3105 q.
711 3021 863 3110 princepis
884 3045 980 3098 more,
1000 3019 1137 3106 principi
1157 3020 1372 3086 convenienter.
1413 3018 1510 3080 Mores

249 3119 418 3199 juventutis
440 3141 530 3203 quum
550 3121 762 3206 principaliter
785 3125 910 3186 formas!
937 3125 1012 3187 Pan.
1034 3118 1085 3186 47.
1108 3122 1223 3209 (Sem).

334 3218 453 3286 Serere.
496 3224 547 3285 Me
568 3243 667 3287 aeenre
689 3233 720 3286 51
741 3245 832 3306 prope
854 3226 1045 3307 neglegenter
1067 3231 1230 3306 expectant
1255 3222 1281 3298 1,
1303 3221 1333 3297 4,
1356 3223 1386 3285 3.
1430 3220 1510 3285 855-

248 3322 353 3403 jaoens
375 3343 455 3386 mare
477 3322 593 3404 longius
616 3325 736 3407 quidem
757 3325 811 3388 sed
833 3327 967 3388 55555155
988 3327 1125 3389 intuetur
1146 3321 1348 3412 (cubiculum)
1372 3325 1402 3398 2,
1418 3318 1468 3398 17,
1482 3321 1510 3385 6.

253 3421 350 3510 (Vell.
374 3424 443 3487 Seu.
467 3421 573 3495 Quint.
597 3426 681 3489 Suet.
704 3426 775 3490 Val.
797 3427 880 3489 Max.
903 3427 1012 3511 Just).

334 3522 466 3588 Sollicite
492 3527 512 3588 i.
534 3547 559 3588 s.
582 3547 609 3609 q.
638 3549 705 3592 enm
726 3549 815 3601 enee,
840 3526 1051 3591 sollieitudine.
1094 3525 1226 3592 Sollicite
1248 3524 1420 3589 recitaturis
1441 3544 1510 3606 pro·

251 3625 413 3690 videndum
440 3636 486 3690 est
513 3628 543 3700 6,
568 3627 615 3703 15,
638 3628 667 3690 4.
700 3629 760 3692 Cir.
784 3630 814 3703 3,
836 3629 866 3704 8,
891 3630 917 3692 1.
960 3627 1126 3692 sollicitius
1153 3627 1365 3692 custodiendus
1388 3635 1434 3690 est
1456 3627 1510 3687 ho-

251 3745 307 3789 nor
336 3727 363 3804 l,
388 3725 437 3801 19,
458 3727 487 3789 4.
526 3727 588 3790 cn.
614 3721 641 3803 l,
663 3728 698 3804 4,
720 3733 749 3792 2.
777 3725 806 3806 7,
831 3726 879 3804 17,
902 3730 930 3793 8.
969 3728 1043 3816 (05.
1072 3731 1162 3792 Ρ551.
1191 3730 1226 3804 4,
1248 3726 1278 3804 6,
1300 3727 1341 3790 43
1375 3726 1509 3792 nonnulli

252 3827 356 3910 legunt
375 3826 540 3892 ''sollicite''
562 3849 616 3910 pro
638 3829 805 3894 ”solliciti'’
827 3830 898 3893 855.
921 3829 1026 3903 Quint.
1049 3831 1134 3895 Suet.
1158 3828 1238 3914 811).

333 3925 499 4014 splendide
521 3940 612 3993 natus
633 3949 687 4011 pro
709 3950 759 4007 eo,
789 3932 868 4014 quod
890 3941 937 3994 est
963 3930 1056 3994 nobili
1075 3952 1183 4016 penore
1204 3939 1310 4005 natae,
1343 3949 1415 3992 num
1439 3936 1509 3991 ente

250 4038 422 4110 argenteam
454 4039 575 4094 aetatem
607 4031 638 4093 in
670 4051 728 4094 usu
755 4033 857 4107 fuerit,
890 4033 1005 4097 dubito.
1049 4032 1177 4096 Femina
1204 4028 1362 4116 splendide
1384 4026 1508 4103 55156,

250 4130 301 4205 33,
322 4134 352 4194 2.
375 4129 489 4215 (Sem).

335 4232 455 4296 Tenere.
497 4233 595 4296 Multa
616 4241 713 4296 tenere
735 4232 804 4313 (151.
827 4232 948 4318 scribit)
959 4235 989 4309 4,
1005 4228 1054 4308 27,
1071 4235 1099 4296 l.
1121 4232 1218 4319 (Plio.
1231 4233 1301 4313 maj.
1313 4233 1388 4296 Tae.
1401 4228 1507 4315 Petu).

336 4332 459 4418 Tepide.
502 4333 537 4398 Si
566 4342 670 4398 natare
696 4332 828 4418 tepidior
853 4333 944 4410 velis,
976 4334 1007 4398 in
1037 4354 1111 4398 area
1137 4335 1254 4418 piscine
1281 4341 1328 4396 est
1354 4333 1385 4408 5,
1406 4333 1436 4408 6,
1457 4332 1507 4394 25.

251 4431 357 4518 (Cot).

254 4577 451 4590 W

299 4646 321 4724 ¹)
343 4653 394 4708 co.
417 4655 516 4719 Krebs,
538 4656 556 4710 l.
572 4657 588 4710 l.
611 4672 629 4709 s.
647 4673 671 4710 v.
