3226 5332
244 455 303 513 104
595 459 599 470 '
732 454 757 506 J.
782 454 812 507 P.
837 454 1003 526 Lugargren.

242 629 325 690 velut
352 648 399 708 ap.
430 626 505 689 Plin.
535 627 618 705 nraj,
647 627 718 688 Val.
741 628 840 690 Flacc.
865 647 917 708 per
948 627 1177 690 translationem
1209 626 1318 689 dicitur
1351 627 1411 686 fere
1443 643 1495 704 pro

235 727 371 814 steeibili
398 728 434 789 de
462 727 579 806 ingenio
602 727 753 790 hominum
783 748 937 810 rerumque
965 737 1083 791 natura.
1135 727 1297 790 Plexibiles
1320 745 1497 808 quamcum-

244 851 299 911 que
325 830 354 890 in
386 839 501 908 partem
528 828 663 890 ducimur
692 829 864 910 aprincipe
894 839 1001 910 atque,
1026 837 1058 891 ut
1080 829 1124 891 ita
1145 828 1257 901 dicam,
1285 847 1425 911 sequaces
1447 846 1496 888 su-

245 950 312 992 mus
335 930 410 991 Pan.
434 929 483 990 45.

330 1029 444 1102 Tenea,
466 1047 524 1110 qua
546 1048 617 1091 voce
641 1029 745 1092 Cicero
767 1048 819 1110 per
840 1029 1068 1092 translationem
1091 1049 1161 1092 usus
1183 1038 1230 1092 εει
1252 1031 1311 1090 lere
1329 1047 1383 1108 pro
1399 1047 1498 1108 parco,

246 1150 353 1205 avaro,
382 1131 461 1211 apud
484 1130 574 1209 Verg.
597 1129 653 1194 Ov.
677 1131 786 1194 Catuli.
810 1131 876 1193 Liv.
900 1139 976 1212 post.
1006 1139 1036 1192 et
1063 1131 1179 1211 proprie
1202 1130 1323 1209 ponitur
1344 1130 1498 1202 absolute,

245 1242 279 1293 ut
307 1233 407 1303 aiunt,
441 1232 476 1291 de
505 1249 556 1303 eo,
584 1232 661 1311 quod
688 1232 771 1293 firme
799 1241 897 1304 tenet,
926 1243 957 1292 et
983 1251 1036 1311 par
1064 1232 1290 1293 translationem
1319 1249 1386 1292 cum
1415 1229 1498 1309 geni·

245 1334 307 1394 tivo
329 1333 526 1412 conjunctum.
570 1329 649 1414 (Ol'r.
673 1351 737 1413 quae
763 1333 792 1393 in
816 1332 948 1412 genitivo
971 1329 1215 1414 disputavimus).
1259 1330 1309 1392 Ad
1338 1341 1498 1392 conecten-

245 1435 299 1495 das
325 1433 471 1495 amicitias
505 1431 552 1492 vel
585 1432 806 1494 tenacissimum
838 1433 988 1496 vinculum
1023 1452 1135 1495 morum
1158 1431 1321 1494 similitudo
1342 1431 1374 1505 4,
1399 1432 1448 1503 15,
1469 1433 1497 1493 2.

245 1535 352 1597 Tantis
374 1532 466 1614 glebis
489 1532 711 1595 tenacissimum
733 1535 827 1596 solum
852 1535 987 1614 adsurgit
1009 1534 1037 1609 5,
1061 1533 1089 1608 6,
1113 1534 1159 1596 10.

326 1735 399 1796 Haec
428 1733 579 1813 adjectiva
607 1745 728 1815 propter
755 1734 933 1798 varietatem
956 1735 1224 1798 conformationum
1251 1744 1281 1795 ct
1303 1734 1498 1813 significatio·

245 1855 313 1898 num
340 1835 378 1896 ad
402 1836 482 1896 nulla
506 1845 588 1897 certa
610 1854 718 1914 genera
740 1836 873 1916 redigere
895 1837 988 1916 potui.
1032 1836 1144 1899 Eorum
1169 1845 1270 1896 autem
1293 1835 1411 1898 Plinius
1434 1836 1498 1916 ipse

242 1936 348 1999 fecisse
371 1935 501 1999 videtur:

326 2034 564 2100 Hoesitabundus
597 2033 670 2123 (cin.
692 2036 764 2120 sip.)
796 2057 849 2117 pro
882 2037 1033 2100 haesitante
1065 2038 1194 2118 ponitur.
1244 2035 1499 2100 llaesitabundus:

244 2138 459 2217 ''interrogavi‚
482 2159 539 2200 non
562 2148 597 2201 ut
618 2141 672 2203 tibi
696 2157 843 2213 nocerem,
866 2140 918 2200 sed
941 2148 975 2201 ut
996 2139 1154 2200 Modesto”
1180 2139 1206 2212 l,
1228 2139 1257 2214 5,
1282 2140 1330 2200 13.

328 2237 529 2301 Prominnlns
552 2260 604 2320 pro
622 2240 751 2324 paullum
769 2242 974 2326 prominente,
997 2236 1135 2313 ensiculo,
1159 2259 1216 2321 quo
1239 2240 1384 2303 vocabulo
1401 2241 1499 2302 Varro

244 2340 347 2402 eadem
373 2342 434 2400 iere
457 2340 673 2420 significatione
696 2362 766 2404 usus
788 2352 842 2404 est.
887 2341 1053 2402 Hibernum
1076 2339 1201 2427 (solem)
1224 2341 1309 2422 quasi
1332 2342 1447 2404 invitat
1470 2343 1499 2403 in

244 2440 391 2521 porticum
415 2440 507 2501 latam
532 2451 563 2503 et
579 2442 788 2526 prominulam
810 2445 838 2517 5,
860 2442 890 2517 6,
914 2440 961 2504 15.

328 2591 385 2652 Ηίε
408 2610 515 2653 novam
538 2591 597 2654 vim
620 2592 777 2674 imposuit:

328 2689 464 2767 Blandis,
498 2713 556 2773 qua
590 2713 661 2756 voce
691 2695 754 2773 jam
789 2692 938 2774 Vergilius
971 2695 1091 2776 propria
1116 2693 1334 2774 significatione
1361 2714 1433 2757 usus
1456 2703 1501 2755 est

246 2789 369 2877 (Georg.
393 2796 421 2867 2,
444 2787 497 2855 78:
527 2793 666 2855 ''Enodes
689 2792 832 2878 trunci'),
859 2796 939 2875 apud
962 2797 1092 2858 Plinium
1116 2817 1168 2876 per
1190 2794 1418 2858 translationem
1447 2815 1500 2875 po·

246 2894 326 2954 uitur
355 2895 390 2955 de
419 2895 552 2957 oratione
575 2897 713 2977 aequabili
737 2895 901 2975 leniterque
923 2897 1034 2959 fluente
1056 2908 1086 2959 ot
1109 2898 1213 2978 polita.
1265 2895 1389 2977 Scripta
1413 2897 1500 2976 elegis

245 3003 312 3056 erat
333 2993 494 3057 fluentibus
517 3004 548 3055 et
570 2997 680 3058 teneris
703 3004 733 3057 et
755 2995 899 3059 enodibus
921 2996 951 3072 5,
976 2993 1024 3073 17,
1046 3000 1075 3060 2.

327 3095 485 3159 Insiticius
507 3116 525 3156 a
547 3095 646 3158 Plinio
673 3117 726 3177 per
748 3098 977 3161 translationem
1001 3099 1121 3179 ponitur
1145 3101 1206 3160 l'ere
1229 3098 1426 3178 proaliunde
1448 3121 1501 3158 cr-

244 3195 363 3270 cessero,
386 3196 499 3259 adscito
522 3199 558 3259 de
580 3217 715 3260 sermone
737 3218 832 3278 graeoo
855 3201 903 3279 qui
927 3199 1086 3280 opponitur
1101 3199 1198 3281 patrio
1214 3199 1343 3261 sermoni
1362 3197 1500 3284 (latino).

245 3297 347 3378 Neque
380 3299 457 3360 enim
492 3299 663 3380 conjectura
697 3309 779 3380 eget,
812 3299 880 3381 quid
915 3301 1012 3380 patrio
1039 3321 1173 3362 sermone
1201 3300 1367 3380 exprimere
1391 3300 1502 3380 possis,

245 3418 312 3460 cum
346 3400 401 3461 hoc
433 3397 563 3463 insiticio
595 3409 625 3462 et
657 3400 779 3463 inducto
813 3410 874 3462 tam
904 3402 1049 3481 praeclara
1071 3421 1161 3482 opera
1182 3401 1342 3482 perfeceris
1364 3401 1395 3477 4,
1418 3403 1450 3475 3,
1472 3400 1501 3464 5.

245 3498 351 3585 (Varr.
374 3501 413 3564 R.
436 3500 473 3563 R.
496 3502 525 3573 2,
547 3499 577 3574 8,
601 3501 614 3562 l
640 3501 762 3582 propria
784 3500 813 3562 vi
836 3502 974 3581 subjecta
996 3521 1070 3565 voce
1093 3522 1162 3566 usus
1185 3500 1267 3585 est).

327 3600 483 3686 Praeceps,
509 3602 587 3683 quod
616 3603 734 3683 proprie
763 3602 871 3666 dicitur
894 3602 1016 3666 deloco
1039 3613 1203 3686 praerupto,
1226 3602 1334 3665 deinde
1357 3604 1395 3665 ad
1418 3623 1501 3666 sunr-

246 3723 324 3765 mum
348 3704 510 3784 periculum
533 3703 761 3782 significandum
783 3712 970 3784 ursurpatur‚
992 3725 1011 3765 a
1033 3704 1130 3767 Plinio
1152 3703 1336 3767 substantivi
1359 3704 1424 3766 loco
1446 3724 1501 3786 po-

245 3805 326 3867 nitur
353 3807 413 3866 fere
441 3823 493 3883 pro
520 3801 610 3878 elato,
643 3803 772 3880 excelso,
802 3805 928 3890 prandi,
961 3805 1128 3890 mopnc'yico.
1172 3805 1272 3868 Debet
1295 3805 1374 3866 enim
1401 3815 1502 3868 orator

245 3905 341 3968 efferri
375 3926 410 3968 ac
437 3924 515 3986 saepe
544 3905 686 3968 accedere
708 3903 747 3968 ad
765 3926 900 3990 preceps
922 3905 951 3981 9,
973 3905 1025 3979 26,
1048 3908 1077 3967 2.
1120 3905 1431 3968 Animadvertendum
1456 3915 1503 3968 εει

125 4037 131 4048 ·
244 4017 349 4070 tamen
371 4015 466 4070 totam
490 4005 654 4068 orationem
677 4027 739 4070 esse
762 4008 951 4070 translatam.

327 4107 454 4172 Saxeus.
492 4106 681 4188 Quamquam
705 4127 808 4170 omnes
826 4110 885 4170 lere
900 4108 1059 4189 scriptores
1075 4107 1239 4170 ’'ferreum'’
1255 4127 1308 4189 per
1323 4109 1500 4171 translatio-

246 4229 313 4272 nem
347 4230 400 4292 pro
422 4209 530 4281 ”duro‚
551 4227 640 4270 seusu
663 4209 803 4270 carente''
827 4209 977 4282 dixerunt,
1005 4217 1106 4271 tamen
1131 4209 1230 4272 nescio
1252 4230 1290 4271 an
1315 4229 1401 4271 nemo
1424 4229 1499 4291 pra-

246 4319 292 4373 ter
324 4311 454 4374 Plinium
483 4311 587 4372 eadem
621 4308 838 4389 significatione
869 4309 979 4372 dixerit
1006 4330 1139 4372 sacceum.
1182 4308 1301 4372 Scaeua
1330 4311 1499 4393 ferreusque

246 4405 433 4487 mmai

329 4565 403 4626 Haec
425 4561 451 4624 ei
474 4583 540 4626 cum
562 4559 727 4643 aequalibus
750 4562 918 4624 communia
940 4572 1025 4624 sunt:

329 4662 547 4726 Durinscuius.
596 4665 663 4726 Hoc
694 4661 871 4724 vocabulum
904 4663 1118 4730 deminutivum
1154 4664 1309 4745 adjectivi,
1342 4666 1421 4748 quod
1454 4673 1498 4726 est
