3226 5332
361 433 401 487 De
423 433 485 488 vita
506 435 534 488 et
556 433 713 489 elocutione
735 432 765 488 0.
788 433 873 488 Plinii
894 431 998 490 Caecilii
1018 429 1147 486 Secundi.
1325 429 1383 484 177

130 603 236 676 verbo,
258 604 338 684 quad
359 612 406 667 est
425 603 506 670 00110.
539 608 689 688 Perquam
710 603 800 670 celim
820 603 906 678 scire,
928 623 995 670 esse
1017 603 1236 686 phantasmata
1244 600 1276 678 7,
1290 598 1341 679 27,
1355 599 1386 666 1.

130 698 205 788 (ἁο.
227 701 284 784 alp.
306 704 523 770 videturesse.
556 708 596 769 Η.
617 728 641 771 0.
664 727 703 782 v.,
724 708 798 788 Peg.
820 704 910 791 466).

213 903 366 984 Quorum
387 907 429 970 ad
449 907 527 993 (cfr.
548 911 659 972 11000.
679 907 760 972 Gall.
783 905 885 986 Queat
910 905 945 992 d)
972 907 1077 984 eadem
1099 905 1317 987 significatione
1338 904 1386 968 di·

129 1007 218 1082 citur,
255 1028 314 1089 qua
349 1009 429 1093 qaod
460 1009 563 1074 attinet
600 1011 656 1083 od,
688 1019 723 1073 ut
746 1011 810 1091 jam
843 1011 922 1090 apud
950 1008 1090 1072 Ovidium
1124 1007 1164 1070 A.
1191 1007 1232 1071 A.
1262 1004 1294 1082 1,
1315 1003 1385 1069 744.

128 1105 282 1186 Quantam
319 1109 360 1170 od
392 1111 525 1191 porticus
552 1110 583 1185 9,
604 1111 655 1185 39,
676 1109 706 1174 5.
750 1111 811 1174 (lfr.
838 1107 993 1188 Quantam
1024 1108 1065 1171 ad
1097 1107 1278 1190 principem,
1315 1108 1387 1170 licet

127 1210 206 1272 tales
237 1209 374 1272 consules
406 1231 493 1292 agere
523 1213 599 1276 Pan.
622 1211 672 1275 93.
710 1211 850 1297 (Senecae
877 1211 958 1274 locos
980 1209 1091 1272 multos
1112 1210 1299 1290 Roaengreu,
1327 1210 1347 1272 l.
1366 1210 1385 1274 l.

14 1347 17 1353 ·
128 1310 201 1391 Pag.
216 1307 272 1385 61,
293 1311 367 1374 Το0.
389 1312 470 1375 10000
491 1314 622 1395 Draeger,
643 1314 663 1376 Ι.
685 1313 706 1375 l.
727 1313 800 1394 Peg.
823 1311 864 1374 60
885 1311 1012 1394 attulit).

210 1507 248 1572 81
279 1512 377 1575 miuus
409 1513 521 1576 usitate
553 1533 775 1598 nonnumquam
808 1514 929 1594 ponitur
955 1531 1009 1592 pro
1035 1511 1090 1574 101.
1113 1518 1144 1572 et
1165 1510 1197 1573 in
1224 1512 1385 1576 sententiis

127 1630 182 1692 pro
213 1601 439 1694 interrogativis
467 1615 587 1695 positis,
619 1616 717 1679 velut:
750 1615 891 1678 Delectat
917 1606 1126 1688 019,17,2.
1170 1612 1330 1694 Indignum
1356 1613 1382 1674 si

126 1711 203 1772 Pau.
225 1705 276 1774 77.
319 1712 560 1790 8010000015,
585 1714 615 1791 1,
636 1714 666 1780 9.
692 1716 770 1780 Ρο0.
791 1715 842 1778 88.
875 1713 945 1801 (Sic
971 1714 1066 1776 latine
1095 1712 1170 1786 dici,
1199 1712 1309 1792 injuria
1330 1734 1384 1776 ne·

126 1813 210 1891 gavit
224 1811 336 1888 Krebs,
357 1815 465 1878 Antlb.
481 1837 507 1879 s.
519 1837 547 1880 v.
559 1816 758 1902 ”sufficere”l.
780 1815 919 1897 Cogitate
931 1814 998 1890 015,
1012 1813 1043 1890 8,
1059 1814 1089 1876 3.
1121 1809 1274 1897 (Madvig,
1296 1811 1383 1878 ’1.01.

126 1911 284 1994 Sprachl.”
304 1914 378 1991 451,
400 1917 446 2001 (1).
1148 1931 1151 1940 ·

209 2011 247 2077 Si
270 2016 353 2099 quis,
374 2019 403 2080 si
428 2019 552 2102 quondo
577 2038 631 2102 pro
658 2039 708 2094 ec,
735 2019 815 2100 quod
843 2025 890 2080 eet
911 2016 939 2078 sa'
959 2017 1137 2100 qnisquam,
1169 2015 1197 2078 a·
1222 2035 1385 2100 amquam,

127 2115 300 2197 usurpavit,
333 2119 412 2200 quod
439 2139 538 2183 rarum
560 2131 607 2183 cst
628 2121 708 2200 apud
730 2119 859 2200 optimos
880 2117 1051 2199 scriptores.
1094 2114 1132 2180 st
1151 2116 1228 2201 quid
1249 2117 1386 2194 omnino,

127 2216 184 2280 hoc
215 2227 296 2280 certe
324 2219 436 2298 judicio
469 2221 547 2284 l'acio
578 2223 610 2294 4,
635 2218 687 2295 15,
712 2218 742 2284 1.
783 2218 821 2284 81
846 2218 969 2304 quondo
994 2220 1065 2282 urbs
1087 2228 1191 2282 nostra
1213 2217 1385 2282 liberalibus

125 2317 235 2380 studiis
256 2319 371 2394 floruit,
394 2342 472 2386 nunc
494 2324 624 2386 maxime
645 2323 733 2386 lieret
758 2319 788 2398 1,
813 2319 864 2396 10,
889 2318 919 2384 1.
941 2319 971 2396 6,
994 2319 1023 2397 6,
1048 2317 1078 2384 1.
1101 2319 1179 2406 (010.
1195 2320 1295 2385 llaec.
1313 2321 1343 2397 4,
1355 2319 1385 2384 9.

127 2419 197 2482 Lir.
219 2420 271 2495 23,
294 2423 345 2498 22,
368 2421 413 2508 9).
1134 2413 1138 2426 “

209 2518 247 2584 st
267 2543 328 2586 000
348 2524 449 2587 eodem
473 2525 560 2588 modo
581 2532 754 2607 usurpatur,
776 2543 834 2607 quo
856 2523 903 2586 sin
924 2522 1042 2599 minos,
1063 2524 1095 2587 id
1112 2524 1190 2606 quod
1206 2523 1286 2606 apud
1303 2521 1385 2605 epti·

63 2704 64 2707 )
126 2641 190 2684 mos
218 2623 379 2704 scriptores
406 2627 482 2690 satis
510 2646 610 2690 rarum
632 2637 697 2702 est,
725 2643 906 2708 quamquam
928 2642 986 2687 non
1009 2626 1119 2688 desunt
1140 2625 1281 2707 exempla
1302 2621 1383 2709 (010.

126 2723 212 2786 Fam.
235 2719 264 2798 7,
285 2726 315 2800 3,
337 2724 366 2788 5.
399 2727 468 2790 Liv.
490 2727 541 2802 28,
563 2727 613 2804 29,
634 2727 665 2790 4.
697 2727 765 2790 (lat.
788 2726 878 2788 Varr.
900 2721 1027 2809 Plaut.).
1077 2726 1111 2790 Si
1141 2726 1252 2790 adsunt
1278 2725 1384 2802 amici,

127 2822 330 2890 honestissimi
351 2847 502 2892 sermones
525 2829 713 2909 explicantur
720 2847 729 2903 ;
749 2827 778 2890 sc'
798 2847 872 2902 000,
895 2826 971 2889 liber
992 2826 1100 2907 legitur
1120 2827 1150 2901 3,
1175 2824 1206 2902 1,
1226 2826 1258 2890 4.

209 2921 286 2988 Nisi
306 2936 339 2989 at
360 2929 462 2992 eadem
484 2929 700 3010 significatione
722 2927 841 3004 dicitur,
864 2948 923 3011 qua
943 2937 977 2990 ot
997 2948 1065 2990 000.
1100 2928 1205 3009 Neque
1226 2926 1306 2990 enim
1318 2925 1383 3008 jam

126 3023 260 3088 inchoari
282 3037 403 3108 poterat
424 3029 520 3105 actio,
548 3030 663 3094 nister
685 3029 781 3093 noctis
802 3030 972 3092 interventu
990 3028 1176 3092 scinderetur
1196 3031 1226 3103 2,
1251 3025 1306 3107 11,
1330 3025 1382 3091 16.

126 3127 156 3200 3,
180 3123 232 3204 12,
254 3129 284 3189 4.
317 3131 392 3192 Pau.
413 3130 464 3194 88.
498 3129 620 3216 (Quint.
643 3133 715 3196 Tac.
739 3131 823 3195 Suet.
845 3131 981 3210 Draeger,
1003 3130 1022 3192 l.
1037 3130 1057 3192 l.
1081 3131 1153 3211 Pag.
1175 3125 1242 3216 62).

209 3229 370 3293 Particulae
391 3253 451 3294 000
471 3232 533 3295 nisi
556 3235 635 3316 apud
661 3240 809 3315 argentes
834 3231 933 3295 aetatis
960 3230 1121 3312 scriptores
1149 3250 1229 3313 saepe
1259 3247 1383 3313 compo·

126 3337 249 3405 cuntur,
269 3331 350 3395 nullo
372 3333 547 3414 interposito
569 3336 724 3399 vocabulo.
760 3331 835 3396 Dari
856 3353 917 3395 000
937 3331 1000 3396 nisi
1021 3351 1040 3395 a
1061 3332 1107 3394 dis
1128 3340 1229 3414 potest
1249 3333 1280 3407 4,
1301 3331 1331 3408 8,
1352 3328 1382 3396 6.

125 3430 156 3505 4,
180 3428 232 3507 13,
251 3431 282 3494 8.
302 3432 333 3508 4,
354 3433 406 3508 29,
425 3435 454 3497 3.
486 3436 563 3498 Ρο0.
588 3439 637 3500 22.
658 3437 709 3501 45.
731 3435 782 3500 58.
804 3433 876 3518 (Ov.
898 3433 990 3497 Triet.
1013 3435 1043 3508 3,
1067 3431 1119 3509 12,
1140 3433 1191 3497 35.
1213 3431 1319 3519 post).

214 3631 252 3696 Ut
277 3621 375 3699 minus
397 3636 508 3700 usitate
531 3637 720 3718 subjungitur
740 3638 939 3702 locutionibus
962 3637 1129 3712 nonnullis,
1150 3635 1246 3700 velut:
1278 3634 1381 3698 Facile

126 3742 174 3797 est
198 3733 282 3811 8,6,
307 3731 358 3800 17.
391 3738 469 3800 Ρο0.
491 3739 542 3802 44.
564 3731 616 3802 87.
659 3739 789 3802 Difficile
816 3748 863 3802 est
888 3738 919 3812 4,
944 3735 996 3811 15,
1018 3730 1047 3801 7.
1069 3734 1099 3813 7,
1124 3732 1176 3813 17,
1198 3736 1228 3800 6.
1271 3736 1381 3798 Insoli-

127 3843 192 3896 tum
219 3845 267 3900 est
291 3838 369 3900 Pan.
391 3835 440 3900 60.
473 3839 622 3902 Naturale
655 3849 701 3902 est
727 3840 757 3914 4,
781 3837 832 3913 17,
855 3841 884 3901 3.
917 3840 1028 3902 Parum
1051 3847 1098 3901 est
1118 3838 1194 3900 Pan.
1217 3835 1267 3898 60.
1300 3835 1378 3922 (Gir.

125 3933 263 4017 Madvig,
289 3937 377 4002 '’Lat.
400 3937 560 4020 Sprachl.'’
581 3940 596 4022 §
619 3934 690 4016 374,
712 3939 794 4003 Anu.
816 3943 836 4002 2
862 3940 1048 4023 eundemque
1070 3940 1108 4001 ad
1131 3937 1194 4002 010.
1215 3937 1284 3999 Flu.
1306 3937 1379 4016 Pag.

129 4031 201 4110 144,
221 4035 331 4123 sequ).
363 4039 521 4104 Occidere
543 4045 572 4118 2,
595 4041 625 4116 5,
646 4035 675 4104 7.
709 4041 880 4122 Congruere
902 4035 931 4116 7,
946 4042 976 4115 2,
994 4037 1024 4104 1.
1058 4037 1217 4119 Injungere
1237 4039 1267 4112 3,
1282 4034 1334 4111 18,
1349 4032 1379 4097 1.

125 4135 155 4210 4,
168 4135 198 4212 9,
213 4137 244 4200 4.
277 4137 382 4202 Sinera
407 4141 437 4215 2,
456 4142 485 4215 2,
504 4143 534 4206 3.
568 4141 722 4226 (Madvig,
750 4141 840 4205 ’'Lat.
864 4141 1023 4223 Sprachl.’'
1052 4140 1067 4222 i
1092 4135 1153 4204 372
1174 4138 1205 4214 b,
1227 4137 1311 4201 Anu.
1332 4135 1379 4220 2).

124 4235 217 4301 Stare
239 4258 292 4320 per
314 4239 444 4322 aliquem
469 4239 520 4318 10,
542 4243 562 4305 6
583 4240 672 4330 (22),
694 4245 722 4305 2.
759 4243 905 4308 Sufficere
926 4242 956 4319 9,
978 4240 1034 4317 21,
1053 4232 1085 4304 ’3.
1116 4243 1190 4306 Ρο0.
1212 4239 1263 4303 30.
1292 4235 1381 4322 (801-

124 4333 228 4415 60010,
257 4360 294 4404 00
315 4340 345 4416 9,
365 4341 416 4417 33,
441 4339 514 4426 11).

164 4483 165 4486 ¹
207 4438 260 4503 Nc
280 4443 429 4523 particula
450 4445 540 4507 verbo
561 4444 704 4529 cupiendi
723 4445 915 4526 subjungitur
935 4443 965 4518 5,
982 4437 1035 4519 17,
1049 4441 1078 4505 6.
1105 4440 1177 4527 (Or.
1199 4441 1271 4505 Her.
1293 4439 1323 4515 6,
1334 4435 1382 4525 6).

125 4532 272 4627 (Cupere,
305 4553 339 4606 ut
363 4541 414 4620 10,
434 4538 476 4608 47
498 4541 579 4631 (56),
604 4542 635 4609 1.
666 4546 810 4610 Klotzio
831 4546 928 4609 lexico
950 4543 1046 4608 solnm
1069 4551 1222 4607 auctorem
1244 4539 1382 4606 laudavit

124 4639 270 4729 Plana).
292 4643 459 4726 Dispioere,
479 4666 516 4710 ue
537 4648 568 4724 2,
594 4644 652 4723 10,
678 4646 699 4710 5
719 4644 872 4734 (magn).
904 4643 1087 4732 (Dispicere,
1108 4663 1179 4708 num
1201 4637 1231 4721 7,
1252 4643 1311 4720 33,
1332 4639 1382 4730 5).
