3264 5332
380 432 421 486 Dc
443 431 503 486 vita
523 433 552 486 et
573 431 729 488 elocutione
750 429 778 484 0.
801 430 887 485 Plinii
907 429 1008 486 Otacilii
1030 429 1156 486 Secundi.
1356 425 1393 484 57

232 604 374 686 Doering
396 605 584 679 affirmavit,
618 603 712 667 etiam
738 603 821 666 Plin.
844 605 915 683 maj.
940 605 1048 666 eadem
1075 604 1107 664 vi
1136 604 1277 684 subjecta
1302 623 1396 666 voca-

152 707 222 768 bulo
244 725 335 768 usum
359 726 443 779 esse,
466 706 521 768 sed
543 726 641 788 neque
664 705 691 766 is
714 707 799 767 locos
814 706 937 778 attulit,
960 725 1060 786 neque
1076 725 1131 783 ego
1148 705 1284 786 reperire
1298 705 1396 786 potui.

232 806 387 870 Eacnrsio
409 827 426 869 a
450 807 606 869 veteribus
628 806 835 887 scriptoribus
858 807 1066 887 usurpabatur
1093 806 1124 866 in
1153 825 1186 868 re
1210 806 1356 879 militari,
1378 826 1398 868 a

151 909 255 970 Plinio
279 910 316 970 de
340 908 451 989 quovis
474 909 587 969 itincre
610 908 725 969 dicitur
747 907 830 986 ejus,
864 907 916 989 qui
944 907 976 969 in
1003 907 1136 989 aliquem
1160 907 1259 970 locum
1284 907 1397 969 evolat.

148 1010 201 1073 An
224 1009 402 1072 intentione
424 1009 469 1071 rei
492 1009 660 1072 familiaris
683 1007 832 1071 obeundae
855 1008 971 1071 crebris
994 1007 1217 1071 occursionibus
1233 1007 1398 1070 evocaris?

152 1113 180 1184 1,
202 1112 231 1184 3,
253 1113 281 1172 2.
304 1109 417 1195 (Dig.).

235 1209 364 1273 Natotio
384 1231 442 1292 per
463 1211 704 1274 translationem
733 1210 848 1272 dicitur
876 1230 933 1291 pro
965 1208 1072 1284 raino,
1101 1209 1250 1272 eversione
1282 1209 1399 1291 impen-

151 1311 246 1374 dente.
289 1311 455 1374 Natatione
477 1313 654 1394 reipublicae
676 1316 754 1375 Pan.
777 1311 806 1372 5.
849 1309 1000 1394 (Propria
1027 1311 1058 1371 vi
1085 1311 1229 1390 subjecta
1257 1311 1305 1371 usi
1327 1319 1401 1373 sunt

153 1413 233 1475 Plin.
257 1413 330 1493 maj.
353 1410 485 1497 Quint).

235 1511 437 1596 Praesumptio
470 1514 551 1596 apud
583 1515 718 1578 Plinium
752 1514 907 1594 significat
928 1513 948 1575 i.
972 1532 999 1593 q.
1023 1511 1212 1596 anticipatio,
1231 1514 1399 1596 praeceptio.

152 1616 269 1678 Rerum
300 1634 376 1695 quas
409 1616 537 1696 adsequi
571 1617 678 1697 cupias
701 1613 898 1698 presumptio
920 1613 1147 1695 ipsajucunda
1170 1623 1219 1675 est
1240 1615 1399 1688 4,15,11.

148 1717 243 1778 Bonae
278 1718 369 1778 famae
400 1717 632 1800 presumptione
664 1717 834 1796 perfruitur
863 1714 891 1788 9,
914 1717 944 1789 3,
969 1717 994 1778 1.
1042 1715 1137 1796 Apud
1170 1715 1400 1785 Quintilianum

149 1818 207 1878 hoo
229 1816 415 1879 vocabulum
439 1818 576 1897 positum
601 1825 649 1879 est
671 1837 727 1898 pro
750 1827 817 1879 ante
838 1817 1041 1899 occupatione,
1064 1815 1145 1896 apud
1169 1816 1318 1879 Senecam
1342 1836 1399 1896 pro

148 1916 319 2000 opinatione
332 1915 371 2001 ¹).
416 1917 571 1982 Similiter
588 1939 784 2001 praesumere,
818 1937 876 1999 quo
898 1937 958 1979 non
985 1937 1054 1978 raro
1083 1925 1182 1996 poeta
1204 1919 1326 1998 priores
1349 1918 1399 1980 usi

149 2027 240 2093 sunt,
256 2019 339 2080 dixit
356 2038 412 2100 pro
429 2039 481 2094 eo,
498 2019 580 2101 quod
599 2028 648 2081 est
665 2019 844 2103 anticipare,
855 2018 1029 2102 precipere.
1063 2018 1225 2098 Percipias
1242 2019 1399 2098 gaudium,

150 2121 231 2200 qnod
265 2139 320 2200 ego
344 2120 418 2181 olim
449 2140 506 2201 pro
534 2131 565 2181 te
589 2141 649 2182 non
673 2129 789 2184 temere
808 2141 959 2204 presumo
982 2123 1011 2193 2,
1035 2120 1083 2194 10,
1105 2119 1134 2182 6.
1159 2120 1221 2182 Cir.
1245 2122 1274 2195 3,
1298 2120 1327 2195 1,
1351 2121 1398 2182 ll.

150 2222 178 2294 6,
202 2222 251 2294 10,
273 2221 302 2282 5.
335 2220 437 2294 8,]1,
464 2222 489 2282 l.
513 2223 590 2284 Pan.
613 2216 661 2285 79.

233 2322 360 2384 Illorum
385 2323 606 2385 vocabulorum
631 2325 747 2387 nullum
767 2332 871 2386 exstat
886 2322 969 2404 apud
985 2331 1108 2385 veteres
1125 2322 1305 2403 scriptores,
1328 2341 1397 2383 nam

151 2422 215 2485 eie.
238 2424 311 2486 Div.
334 2427 363 2498 2,
386 2423 435 2498 53,
460 2424 518 2485 108
541 2445 620 2486 nunc
642 2426 756 2506 legitur
778 2425 995 2505 ''adsumptio’'
1024 2443 1081 2504 pro
1109 2423 1400 2504 ''praesmnptione.’'

233 2555 336 2618 Motus
367 2579 423 2638 per
454 2559 695 2622 translationem
730 2559 843 2621 dicitur
874 2578 930 2638 pro
963 2579 1070 2632 cansa,
1103 2557 1227 2622 ratione.
1270 2557 1401 2621 Audisti

152 2657 274 2719 consilii
299 2659 359 2719 mei
381 2670 477 2721 rnotas
499 2661 527 2733 3,
549 2662 580 2733 4,
602 2658 631 2722 9.
675 2659 778 2730 Quam
801 2661 864 2720 vim
887 2660 1006 2721 habeat
1027 2660 1109 2740 apud
1129 2667 1251 2721 veteres
1267 2660 1401 2740 scripto-

152 2778 200 2820 res
224 2759 367 2822 omnibus
390 2767 495 2823 notum
519 2769 576 2822 est.

234 2858 400 2948 Praeceptio
423 2862 507 2942 apud
531 2862 668 2924 Plinium
691 2863 849 2942 significat
872 2863 923 2942 jus
946 2860 1047 2942 partis
1070 2881 1108 2922 ex
1130 2862 1305 2924 hereditate
1330 2871 1402 2925 ante

153 2969 271 3022 ceteros
293 2960 424 3024 heredes
448 2963 615 3044 capiendae.
659 2965 721 3026 Pro
745 2965 919 3045 quadrante
936 2961 1165 3045 preceptionem
1193 2965 1403 3045 quadringen-

152 3071 253 3123 torum
278 3063 396 3124 milium
420 3064 507 3126 dedit
529 3064 558 3138 5,
581 3060 610 3138 7,
635 3066 660 3125 1.
684 3063 796 3149 (Dia).
841 3065 937 3144 Apud
971 3069 1093 3124 veteres
1126 3064 1296 3144 scriptores
1319 3065 1402 3127 idem

152 3163 323 3244 significat,
346 3165 427 3244 quod
447 3174 642 3248 praeceptam,
660 3166 821 3250 praenotio,
849 3173 1000 3248 antecapto
1028 3163 1129 3225 antimo
1151 3164 1196 3226 rei
1217 3165 1402 3251 informatio.

152 3264 216 3327 cfr.
239 3263 411 3348 Praecipere
432 3267 460 3338 5,
482 3260 512 3340 7,
537 3268 562 3327 1.
588 3268 635 3339 10,
658 3262 697 3329 75
720 3261 803 3351 (79),
825 3269 853 3328 2.
896 3264 1060 3348 Praeceptis
1089 3265 1317 3348 quinquaginta
1344 3267 1404 3329 mi-

152 3365 234 3428 libus
258 3385 425 3428 nummum.
448 3363 561 3449 (Dig.).

236 3501 314 3564 (ium
346 3500 519 3582 aequalibus
542 3501 641 3564 multa
665 3503 803 3583 ejusdem
826 3503 947 3586 generis
970 3503 1169 3566 substantiva
1191 3502 1296 3566 Plinio
1320 3523 1404 3566 com-

153 3602 260 3664 munia
282 3612 369 3665 sunt:

235 3699 394 3766 Adiocntio
426 3723 483 3786 pro
516 3701 645 3788 alloquio
681 3703 803 3767 dicitur.
856 3704 964 3768 Vertit
995 3703 1210 3768 adlocutionern
1241 3707 1275 3778 2,
1297 3706 1352 3779 20,
1374 3705 1403 3767 8.

154 3802 276 3888 (Quint.
294 3803 408 3888 Suet).
429 3805 525 3886 Apud
539 3805 654 3869 Catull.
667 3804 717 3878 38,
729 3806 748 3866 5
762 3807 798 3868 de
811 3807 973 3867 ”sermone
986 3806 1213 3869 consolatorio'’
1226 3813 1404 3888 usurpatur.

236 3901 358 3967 Cenatio
381 3907 418 3968 de
441 3906 517 3980 loco,
539 3905 593 3967 nbi
612 3915 743 3969 cenatur.
787 3907 914 3969 Modica
935 3909 1064 3982 cenatio,
1091 3927 1157 3988 quae
1183 3906 1316 3988 plurimo
1339 3905 1404 3968 sole

155 4002 506 4082 lucet2,17‚10.12.
538 4007 582 4068 15.
616 4007 645 4081 5,
666 4006 697 4081 6,
718 4008 768 4070 21.
812 4005 898 4091 (Seu.
922 4008 1002 4070 Plin.
1027 4009 1097 4089 maj.
1121 4007 1206 4072 Suet.
1230 4005 1296 4070 001.
1318 4009 1404 4070 Petr.

156 4109 274 4180 Mart).

237 4206 520 4294 Comperendinatio
542 4210 698 4292 significat
712 4208 826 4294 judicii
846 4210 877 4273 in
901 4210 1101 4291 perendinum
1125 4210 1206 4271 diem
1223 4206 1404 4271 dilationem.

158 4309 288 4392 (Leges)
307 4319 355 4373 tot
372 4310 696 4394 comperendinationes
718 4312 894 4392 largiuntur
915 4310 944 4387 6,
960 4314 989 4386 2,
1005 4311 1032 4375 6.
1056 4311 1141 4393 (Seu.
1164 4313 1237 4373 Tac.
1260 4307 1404 4394 Asson).

159 4409 186 4484 5,
207 4411 227 4474 9
250 4407 333 4494 (21),
360 4413 371 4472 1
397 4412 464 4492 ipse
487 4411 806 4497 comperendinationis
827 4412 890 4474 dies
912 4413 1110 4493 significatur.
1154 4411 1249 4490 Apud
1278 4411 1406 4475 Cicero-

160 4531 227 4573 nem
262 4519 369 4573 exstat
396 4513 686 4598 comperendinatus,
722 4532 811 4594 quam
837 4515 875 4576 ob
898 4533 1024 4575 causam
1048 4512 1217 4575 verisimile
1240 4521 1289 4576 est
1311 4514 1406 4576 etiarn

161 4611 241 4674 illius
263 4619 358 4674 aetate
380 4613 699 4698 comperendinationis
721 4633 827 4700 vocem
850 4614 882 4676 in
903 4634 958 4676 usu
981 4612 1084 4675 fuisse.

250 4759 268 4828 Ι1
291 4764 342 4820 Cir.
364 4765 538 4837 mesagna,
561 4767 619 4820 ”De
640 4766 800 4820 Elocutione
822 4764 954 4827 Senecae”,
977 4767 1044 4837 Pag.
1068 4763 1117 4827 38,
1140 4766 1268 4837 Upsaliae.
