3264 5332
332 489 373 543 De
395 489 456 544 vita
476 489 505 543 ct
527 488 682 545 elocutione
704 489 733 546 G.
756 489 841 544 Plinii
862 488 964 544 Otacilii
986 487 1111 543 Secundi.
1311 487 1349 542 33

104 659 225 722 carendi
250 659 339 721 dolor
360 659 390 734 8,
413 659 443 735 5,
464 663 493 722 2.
538 653 631 731 Quod
654 660 837 724 fidissimum
854 661 1055 742 praecipiendi
1072 679 1177 740 genus,
1199 659 1351 738 exemplis

103 760 293 822 docebantur
314 760 394 822 lbid.
408 759 437 822 6.
466 762 567 823 Tanto
592 762 716 823 brevius
737 782 842 836 omne,
865 773 980 843 quanto
997 762 1119 823 felicius
1135 770 1255 840 tempus
1270 759 1350 821 Ibid.

103 862 147 923 10.
191 861 244 922 Ita
276 867 391 922 natura
423 870 653 942 comparatum,
688 871 723 924 ut
754 853 966 942 proximorum
1001 849 1149 924 incuriosi
1182 859 1351 941 longinqua

99 967 254 1023 sectemur
275 961 306 1036 8,
328 964 379 1035 20,
403 963 429 1023 1.
479 963 564 1024 Male
597 963 660 1025 vim
695 983 782 1024 suam
816 971 958 1043 potestas
993 964 1122 1024 aliorum
1156 960 1351 1022 contumeliis

99 1063 269 1143 experitur,
292 1062 374 1123 male
397 1070 516 1125 terrore
539 1065 700 1126 veneratio
719 1063 903 1145 adquiritur,
926 1063 1077 1144 longeque
1093 1063 1250 1123 valentior
1265 1080 1352 1122 amor

98 1163 136 1224 ad
173 1163 376 1226 obtinendum
412 1165 496 1245 quod
529 1163 608 1226 velis
642 1183 733 1245 quam
767 1165 862 1226 timor
886 1164 916 1237 8,
938 1164 988 1238 24,
1011 1164 1040 1226 6.
1084 1165 1170 1225 Tunc
1192 1162 1351 1243 praecipua

98 1263 347 1326 mansuetudinis
369 1264 457 1338 laus,
480 1284 549 1326 curn
572 1266 626 1328 irae
649 1283 743 1328 causa
760 1265 939 1344 justissima
961 1276 1009 1325 est
1031 1263 1068 1337 9,
1090 1265 1147 1337 21,
1169 1266 1198 1325 2.
1242 1263 1351 1325 Nimia

98 1384 171 1427 cura
194 1364 310 1427 deterit
332 1366 431 1445 magis
455 1384 548 1446 quam
572 1368 718 1428 emendat
739 1365 769 1440 9,
792 1367 841 1438 35,
864 1368 891 1426 2.
916 1367 980 1428 Cir.
1003 1364 1033 1436 9,
1057 1362 1106 1436 26,
1129 1366 1219 1424 2-3.

178 1465 216 1526 In
238 1466 433 1548 Panegyrico
457 1475 560 1529 autem
582 1467 828 1548 frequentissimi
851 1475 924 1528 sunt
945 1465 1025 1526 tales
1048 1464 1127 1525 ”loci
1141 1465 1351 1525 cornmunes.’'

178 1566 314 1629 Merenti
338 1567 458 1646 gratias
482 1586 574 1647 agere
598 1569 689 1629 facile
713 1576 762 1629 cst
783 1570 858 1630 Pan.
882 1568 910 1628 3.
954 1566 1060 1628 Habet
1088 1565 1145 1626 has
1169 1565 1253 1625 vices
1277 1584 1350 1626 con-

99 1667 180 1728 dicio
211 1667 405 1742 mortalium,
438 1677 473 1728 ut
501 1668 635 1730 adversa
664 1688 702 1729 ex
724 1669 884 1741 secundis,
907 1687 946 1729 ex
969 1666 1111 1728 adversis
1134 1666 1269 1726 secunda
1293 1685 1350 1725 na-

99 1774 228 1828 scantur
250 1769 327 1829 Pan.
351 1766 380 1828 5.
424 1767 639 1849 Impereturus
669 1769 810 1830 omnibus
834 1769 908 1848 eligi
931 1768 1023 1829 debet
1046 1787 1084 1827 ex
1107 1765 1249 1826 omnibus
1273 1766 1349 1828 Pau.

99 1861 124 1928 7.
168 1868 323 1949 AEquiore
351 1868 457 1930 animo
480 1870 585 1931 ferunt
606 1869 764 1943 homines,
791 1889 880 1950 quem
911 1869 1055 1948 princeps
1084 1886 1192 1949 parum
1217 1865 1350 1926 feliciter

98 1957 229 2047 genuit,
249 1987 340 2051 quarn
368 1989 458 2051 quern
488 1971 568 2031 male
597 1970 692 2050 elegit
717 1970 797 2032 Ibid.
841 1971 945 2048 Major
967 1970 1009 2031 sit
1032 1967 1173 2049 obsequii
1196 1967 1296 2046 gloria
1318 1966 1348 2027 in

99 2089 133 2130 eo
157 2069 240 2151 quod
264 2069 333 2150 quis
355 2071 455 2132 minus
478 2070 557 2132 velit
576 2071 656 2134 Pan.
679 2070 707 2133 9.
751 2071 878 2134 Nullum
909 2078 957 2132 cst
985 2087 1097 2150 magno
1127 2068 1266 2148 principe
1289 2067 1349 2126 im-

99 2169 388 2252 mortalitatemque
416 2171 564 2234 merituro
593 2171 744 2252 impendii
768 2191 864 2251 genus
888 2171 1027 2252 dignius,
1061 2189 1152 2251 quarn
1174 2170 1256 2249 quod
1280 2187 1349 2229 erc-

98 2278 190 2350 gatur
211 2270 244 2332 in
266 2281 412 2352 posteros
436 2274 515 2335 Pan.
538 2271 588 2335 26.
638 2270 819 2355 (Princeps)
849 2275 965 2334 frustra
993 2289 1137 2353 proceres
1170 2270 1260 2350 plebe
1294 2287 1349 2329 ne-

99 2371 216 2451 glecta,
249 2380 284 2434 ut
306 2372 462 2435 desectum
485 2391 615 2454 corpore
638 2382 734 2455 caput
760 2380 998 2453 nutaturumquc
1026 2370 1168 2434 instabili
1196 2371 1349 2452 pondere,

100 2479 205 2535 tuetur
227 2473 309 2534 Ibid.
351 2472 593 2536 Liberalitatem
622 2474 839 2554 jucundiorem
872 2474 997 2535 debitor
1029 2480 1151 2554 gratus,
1185 2470 1347 2532 clariorem

98 2572 237 2652 ingratus
260 2573 339 2636 lacit
360 2575 439 2637 Pan.
462 2575 512 2636 43.
556 2576 760 2639 Detestentur
779 2574 877 2637 malos
894 2575 1052 2654 principes
1069 2574 1163 2635 etiarn
1180 2571 1232 2653 qui
1249 2571 1349 2634 malos

100 2674 220 2736 faciunt
252 2674 329 2737 Pan.
351 2675 401 2737 44.
444 2675 581 2739 Praemia
611 2676 764 2738 bonorum
798 2675 1011 2757 malorumque
1045 2675 1143 2735 bonos
1179 2693 1216 2734 ac
1252 2673 1349 2733 malos

98 2774 217 2836 faciunt
237 2774 317 2837 Ibid.
359 2776 394 2837 In
429 2776 492 2838 alio
526 2797 583 2839 sua
606 2796 753 2859 quemque
780 2784 893 2839 natura
920 2776 1055 2837 delectat
1076 2776 1155 2836 Pan.
1177 2773 1228 2835 45.
1271 2772 1349 2835 Inli-

99 2875 175 2937 delis
214 2876 292 2938 recti
330 2877 480 2958 magister
517 2886 566 2939 est
604 2885 705 2940 metus
739 2877 819 2940 Ibid.
874 2877 988 2939 Melius
1021 2875 1163 2938 homines
1197 2873 1348 2954 exemplis

98 2976 248 3039 docentur
269 2977 350 3039 Ibid.
394 2975 585 3063 (Disoimus)
601 2978 786 3041 fidissimam
804 2996 871 3039 esse
893 2977 1064 3041 custodiam
1081 2975 1234 3057 principis
1249 2974 1348 3054 ipsius

98 3075 307 3150 innocentiam
329 3078 408 3141 Pan.
430 3077 480 3141 49.
524 3083 659 3142 Frustra
680 3099 713 3140 se
737 3087 855 3141 terrore
877 3077 1068 3140 succinxerit
1090 3077 1142 3157 qui
1164 3085 1271 3156 septus
1294 3095 1349 3136 ca-

98 3177 191 3238 ritate
213 3197 273 3239 non
296 3179 391 3240 fuerit
411 3181 493 3242 Ibid.
522 3181 630 3242 Armis
653 3198 740 3242 arma
762 3180 932 3242 inritantur
954 3178 1035 3241 Ibid.
1078 3177 1166 3240 Nihil
1199 3195 1261 3238 non
1290 3195 1349 3255 pa-

98 3296 165 3339 rum
194 3287 282 3358 grate
304 3279 372 3341 sine
395 3280 629 3362 comparatione
652 3281 798 3344 laudatur
824 3283 902 3343 Pan.
926 3279 974 3341 53.
1018 3279 1129 3361 Neque
1156 3278 1237 3340 enim
1266 3276 1345 3338 satis

98 3379 212 3440 amarit
243 3380 341 3442 bonos
373 3382 531 3463 principes
563 3383 616 3465 qni
658 3383 755 3445 malos
795 3382 874 3444 satis
906 3401 967 3444 non
998 3379 1100 3442 oderit
1131 3379 1210 3441 Ibid.
1239 3376 1347 3462 (Licet

98 3480 217 3541 futuros
240 3481 396 3562 principes
420 3484 477 3545 sub
500 3485 641 3565 exemplo
656 3485 862 3566 praemonere)
878 3482 993 3545 nullum
1009 3482 1118 3554 locum,
1140 3479 1254 3542 nullum
1278 3499 1346 3540 esse

97 3586 234 3661 tempus,
268 3601 326 3663 quo
356 3585 547 3646 funestorum
576 3585 751 3666 principum
775 3604 881 3647 manes
904 3604 923 3646 a
950 3567 1145 3665 posterorum
1169 3580 1346 3643 execratio—

97 3680 186 3742 nibus
209 3683 430 3762 conquiescant
451 3684 532 3746 Ibid.
580 3686 775 3766 ingeniosior
804 3693 853 3747 est
879 3686 920 3747 ad
950 3683 1187 3764 excogitandum
1215 3679 1345 3742 simula-

98 3781 141 3842 tio
170 3782 320 3855 veritate,
353 3785 489 3847 servitus
517 3786 677 3861 libertate,
701 3793 801 3848 metus
830 3805 934 3848 amore
962 3787 1042 3847 Pan.
1065 3783 1113 3845 55.
1156 3780 1347 3846 Laudabilia

99 3882 196 3943 multa
228 3884 323 3944 etiarn
359 3886 432 3946 mali
465 3886 599 3958 faciunt,
632 3887 700 3968 ipse
729 3886 849 3949 laudari
882 3887 943 3948 nisi
979 3885 1115 3966 optimus
1147 3903 1209 3946 non
1242 3888 1346 3962 potest

99 3983 175 4044 Pan.
198 3982 248 4045 56.
292 3985 440 4066 Magnum
464 3995 512 4048 est
534 3986 663 4048 differre
686 3989 847 4060 honorem,
871 3987 1004 4067 gloriam
1027 3987 1127 4065 majus
1149 3984 1230 4046 Ibid.
1263 3980 1346 4042 Mul-

98 4091 160 4145 tum
184 4083 217 4145 in
239 4087 469 4148 commutandis
492 4087 632 4150 moribus
650 4088 810 4149 hominum
826 4087 948 4149 medius
971 4108 1067 4148 annus
1091 4085 1176 4148 valet
1198 4085 1274 4145 Pan.
1297 4078 1346 4142 59.

98 4183 210 4246 Melius
240 4187 384 4248 omnibus
411 4207 504 4268 quarn
534 4189 664 4268 singulis
687 4188 826 4250 creditur
848 4190 926 4250 Pan.
949 4187 999 4250 62.
1041 4187 1150 4268 Neque
1172 4183 1254 4245 enim
1277 4201 1346 4243 urn-

99 4302 191 4363 quam
204 4285 353 4366 deceptus
371 4299 420 4350 est
434 4289 594 4370 princeps,
610 4289 670 4351 nisi
683 4289 735 4370 qui
751 4288 837 4369 prins
855 4289 921 4369 ipse
935 4288 1060 4369 decepit
1069 4288 1146 4349 Pan.
1159 4283 1208 4346 66.
1231 4281 1347 4362 Turpis
1375 4297 1380 4310 ’

99 4386 197 4447 tutela
228 4385 399 4467 principis,
431 4390 481 4452 cui
514 4395 621 4470 potest
647 4389 798 4470 imputari
825 4391 903 4452 Pan.
926 4387 975 4451 68.
1018 4389 1065 4449 lbi
1087 4383 1348 4464 intemperantius

98 4503 240 4550 amamus
268 4489 366 4551 bonos
396 4490 570 4571 principes,
603 4491 656 4554 ubi
684 4490 814 4552 liberius
845 4489 944 4551 malos
967 4488 1090 4550 odimus
1112 4486 1194 4548 Ibid.
1238 4483 1348 4569 (Prio-

100 4604 163 4649 rum
195 4588 371 4669 principum
405 4591 509 4653 cxitus
541 4587 662 4674 docuit)
695 4611 734 4653 ne
764 4611 783 4652 a
812 4591 873 4652 diis
901 4589 1026 4670 quidem
1049 4588 1166 4660 amari,
1188 4585 1249 4648 nisi
1273 4605 1348 4666 quos

100 4684 240 4751 homines
263 4701 368 4753 ament
388 4691 466 4754 Pan.
489 4687 539 4754 72.
582 4692 687 4754 Multa
709 4692 868 4773 excogitat
892 4699 990 4752 metus
1019 4687 1099 4750 Ibid.
1144 4689 1204 4751 Est
1226 4688 1348 4749 demum

1198 4791 1217 4850 3
