3264 5332
364 423 404 478 Da
426 423 487 480 vita
507 427 536 480 et
558 424 712 482 elocutione
734 423 763 479 O.
786 423 871 478 Plinii
892 423 994 480 Oaecilii
1015 425 1141 482 Secundi.
1340 429 1380 484 39

138 600 202 662 loro
226 605 258 660 et
280 595 392 661 rostris
415 597 587 664 attulerunt
607 598 637 670 2,
663 597 690 669 l,
705 594 733 658 6.
767 596 832 660 cfr.
855 593 951 659 Liber
972 634 1011 644 -
1033 596 1108 661 liber
1128 635 1168 646 --
1190 598 1265 664 liber
1286 600 1316 675 5,
1331 603 1382 674 20,

136 702 163 760 3.
205 697 360 760 Dedimus
383 735 421 742 —
444 696 596 772 dedimus,
622 696 760 760 dedimus
787 696 816 772 6,
838 698 889 770 33,
914 699 961 760 10.
1014 698 1190 782 Imaqiuare
1212 737 1252 746 —
1273 700 1384 784 imagi·

135 821 205 862 aare
235 836 272 844 -
301 798 471 880 imaginare
502 799 539 873 8,
560 795 596 873 6,
621 799 749 858 11-12.
796 795 872 858 Jam
899 835 938 844 υ·
964 797 1042 862 Jam
1073 836 1114 846 -
1145 800 1222 866 Jam
1254 803 1331 864 Pan.
1353 801 1382 865 9.

135 897 232 977 Quam
255 899 359 962 dulcia
381 899 454 973 illa,
476 921 567 982 quam
589 899 744 972 amantia,
765 920 856 982 quam
878 909 1006 980 arguta,
1029 922 1120 984 quam
1141 903 1241 966 recta!
1263 903 1293 977 4,
1309 904 1340 978 3,
1355 904 1383 966 4.

133 999 226 1062 Illum
260 1000 432 1075 coloribus,
465 998 550 1062 illum
582 1019 670 1074 cera,
703 997 790 1060 idum
811 1019 889 1075 aere,
922 999 1007 1062 illum
1030 1011 1177 1083 argento,
1199 1001 1285 1066 illum
1306 1023 1384 1066 auro

133 1101 255 1182 effingit
275 1102 306 1175 4,
333 1099 363 1175 7,
389 1103 414 1162 1.
459 1098 560 1162 Medea
592 1101 738 1174 tenuiter,
771 1097 864 1161 multa
890 1101 1080 1178 sublimiter,
1113 1103 1206 1166 realta
1238 1114 1385 1177 venuste,

132 1201 225 1264 raaldi
248 1209 364 1276 tenere,
386 1199 481 1263 multa
503 1202 650 1275 dulciter,
682 1199 775 1264 muita
797 1221 866 1263 curn
889 1201 950 1263 bile
973 1202 1003 1275 4,
1024 1196 1075 1278 27,
1099 1205 1126 1266 1.
1169 1205 1315 1268 Remissa
1338 1212 1387 1268 est

133 1303 247 1378 multa;
279 1303 331 1364 sed
358 1303 482 1375 timuit,
514 1303 566 1365 sed
595 1302 735 1384 rogavit,
768 1302 819 1364 sed
846 1322 924 1383 opus
947 1303 1039 1364 venia
1062 1305 1123 1366 fuit
1144 1305 1173 1378 4,
1195 1305 1245 1380 29,
1268 1308 1297 1367 2.
1321 1306 1362 1369 cf
1377 1349 1385 1366 .

134 1406 208 1466 Pan.
221 1404 272 1466 34.
304 1401 366 1466 Sed
381 1404 545 1484 templum,
567 1403 620 1466 sed
636 1405 734 1465 forum
754 1402 945 1466 insederant.
978 1402 1052 1466 Nou
1071 1405 1117 1466 illi
1136 1407 1199 1480 vis,
1214 1427 1274 1468 nou
1290 1427 1387 1487 grau-

133 1503 232 1578 ditas,
254 1524 313 1566 nou
335 1505 513 1579 subtilitas,
535 1525 595 1566 aaa
610 1504 803 1577 amaritudo,
825 1524 884 1565 nou
900 1504 1040 1579 dulcedo,
1062 1526 1122 1567 non
1138 1507 1225 1588 lepos
1241 1507 1342 1570 defuit
1356 1506 1386 1580 6,

134 1605 183 1680 21,
204 1603 235 1667 5.
277 1603 396 1668 Vem'ret
410 1605 548 1688 quisque,
563 1625 630 1667 cum
647 1605 759 1678 vellet,
774 1605 886 1668 ueniret
900 1604 1024 1689 quisque
1039 1627 1107 1668 cum
1123 1614 1232 1688 posset
1247 1609 1323 1670 Pan.
1336 1608 1386 1670 25.

216 1707 318 1769 Multo
337 1706 460 1768 rariora
475 1712 547 1769 sunt
559 1707 701 1786 exempla
713 1706 974 1781 ''conversionis'’,
998 1727 1089 1789 quarn
1105 1707 1208 1772 Graeci
1224 1706 1388 1795 ἐπιφοράν

135 1815 262 1870 vocant:

215 1907 344 1972 Adhibe
366 1906 485 1970 solacia
507 1907 600 1981 mihi,
623 1927 690 1989 quae
706 1907 858 1970 audierim
875 1929 1056 1992 numquam,
1079 1910 1206 1992 legerim
1222 1929 1388 1994 numquam

138 2009 162 2082 l,
181 2010 229 2084 12,
245 2010 290 2070 13.
314 2009 415 2072 Dabis
430 2007 601 2088 congiaria,
617 2009 644 2068 si
658 2007 745 2083 uoles,
761 2009 927 2088 praestabis
941 2010 1100 2085 alimenta,
1115 2009 1386 2074 recoluerimus.

217 2109 396 2173 '’Chiasmi”
409 2118 531 2183 autem,
548 2109 600 2189 qui
613 2118 755 2183 vocatur,
768 2109 912 2189 exempla
926 2111 992 2173 haec
1008 2113 1072 2174 fere
1088 2113 1250 2175 afferenda
1262 2111 1387 2191 putavi:

216 2213 404 2274 Persuasum
430 2210 530 2271 habeo
554 2229 646 2290 posse
674 2211 742 2272 fieri
766 2219 802 2272 ut
823 2210 866 2273 sit
887 2210 963 2273 actio
985 2211 1062 2274 borea
1081 2233 1147 2293 quae
1175 2233 1237 2275 non
1253 2213 1296 2273 sit
1311 2211 1389 2273 bona

134 2311 228 2372 oratio
253 2313 279 2382 1,
302 2313 353 2385 20,
375 2311 404 2374 9.
450 2309 533 2380 Quid
556 2310 610 2372 illo
634 2319 688 2374 aut
709 2309 827 2378 ddeliees
848 2312 945 2374 amico
967 2319 1021 2376 aut
1043 2311 1143 2376 sodale
1152 2309 1339 2400 jucundius?
1358 2315 1388 2387 2,

138 2414 183 2487 13,
205 2412 234 2475 6.
280 2409 448 2496 (Senibus)
471 2411 624 2473 industria
656 2433 738 2485 sera,
770 2411 867 2494 turpis
899 2411 1022 2474 ambitio
1051 2423 1099 2476 est
1120 2415 1149 2490 3,
1174 2417 1202 2490 l,
1223 2417 1252 2475 2.
1285 2413 1389 2496 ¹Talia

135 2513 253 2587 omnia,
287 2522 321 2575 ut
353 2512 477 2594 possint
508 2511 658 2596 artificum
687 2513 794 2574 oculos
815 2522 926 2586 tenere,
954 2511 1097 2578 delectare
1129 2514 1337 2600 imperitorum
1359 2516 1389 2588 3,

134 2614 162 2688 6,
187 2615 217 2675 3.
262 2610 422 2676 Comoedos
443 2613 535 2676 audio
558 2621 590 2674 et
610 2623 707 2696 specto
721 2612 828 2674 mimos
843 2623 874 2676 et
889 2613 998 2696 lyricos
1019 2613 1082 2699 depo
1105 2625 1137 2678 et
1159 2616 1318 2678 sotadicus
1341 2614 1390 2676 in-

134 2715 247 2794 tellego
270 2715 299 2787 5,
321 2715 350 2787 3,
373 2717 402 2776 2.
446 2713 530 2776 Puer
562 2713 767 2798 simplicitate,
799 2713 934 2776 ecaritate
948 2714 1084 2798 juvenis,
1117 2738 1206 2779 senen
1242 2715 1390 2800 pravitate

134 2816 162 2890 6,
184 2815 234 2888 26,
259 2816 285 2876 1.
329 2813 509 2898 Distrinqor
530 2813 643 2900 officio,
677 2814 783 2877 amieis
815 2815 962 2889 deservis,
990 2817 1091 2880 studeo
1113 2818 1265 2880 interdum
1286 2810 1314 2889 7,
1338 2816 1386 2891 15,

137 2917 161 2978 l.
205 2916 276 2978 Non
299 2914 451 2978 autoribus
472 2917 574 2988 servit,
607 2936 668 2978 non
690 2915 805 2999 adpetit
825 2915 961 2990 leonores,
989 2936 1058 3002 opes
1085 2917 1212 3002 neqleqit
1232 2913 1263 2992 7,
1284 2917 1336 2991 26,
1356 2919 1386 2980 2.

134 3019 284 3080 Fortasse
306 3016 414 3078 iterum
436 3015 562 3098 roqabo,
585 3015 750 3100 impetrabo
770 3015 878 3078 iterum
899 3015 930 3091 9,
951 3018 1002 3092 21,
1024 3018 1052 3079 4.
1097 3019 1133 3084 Si
1153 3017 1331 3104 prouincias
1347 3037 1386 3081 ex

130 3117 308 3202 prouinciis,
332 3137 370 3179 ex
391 3115 473 3180 bellis
495 3115 570 3180 bella
592 3119 755 3180 mandaret
777 3119 853 3180 Pan.
870 3116 899 3180 9.
942 3121 987 3180 Te
1008 3119 1133 3203 paruuli
1146 3140 1273 3194 noscere,
1287 3129 1386 3183 osteu-

134 3229 196 3282 tare
210 3217 350 3302 juvenes,
372 3218 483 3281 mirari
503 3239 602 3288 senes,
624 3219 698 3301 aeqri
720 3238 841 3301 quoque
864 3219 904 3280 ad
927 3230 1127 3301 conspectum
1148 3220 1196 3284 tui
1223 3241 1386 3306 prorepere

135 3322 213 3384 Pan.
236 3323 286 3382 22.
329 3319 468 3382 Reddita
490 3320 668 3382 estaminia
702 3321 796 3394 fides,
828 3317 929 3382 tiberis
951 3321 1065 3404 pietas,
1097 3321 1271 3409 obsequium
1293 3320 1386 3386 seruis

134 3423 211 3485 Pan.
233 3421 284 3484 42.
322 3459 325 3470 ‹
1536 3493 1539 3502 Ι

216 3522 276 3585 His
299 3521 432 3603 aliisque
456 3520 579 3582 dicendi
602 3521 745 3584 artificiis
767 3541 828 3585 non
852 3521 951 3603 magis
973 3522 1014 3584 ad
1036 3522 1281 3588 concinnitatem
1310 3545 1384 3589 eon·
1432 3467 1608 3652 3450*le

134 3624 323 3706 sequendam
351 3641 442 3703 quam
476 3622 514 3684 ad
538 3621 726 3704 singulorum
755 3623 921 3684 verborum
944 3623 1008 3684 vim
1031 3623 1102 3704 ipsa
1125 3625 1330 3688 collocatione
1354 3634 1385 3688 et

135 3724 333 3807 oppositione
355 3723 544 3804 aagendam,
568 3733 599 3784 et
621 3743 680 3806 quo
703 3723 846 3804 apertius
870 3731 1030 3786 exstarent
1048 3725 1273 3790 sententiarum
1290 3746 1384 3808 argu-

135 3827 202 3900 tiae,
235 3824 489 3907 frequentissime
511 3823 592 3887 illius
616 3825 720 3887 aetatis
742 3825 911 3905 scriptores
939 3826 1118 3888 utebantur.
1162 3827 1272 3908 Neque
1302 3827 1382 3888 enim

135 3927 229 3990 moris
252 3937 321 3988 erat
343 3943 464 3998 eorum,
497 3934 532 3987 nt
554 3924 656 4005 longis
680 3933 712 3986 et
734 3925 874 3988 rotundis
896 3927 1062 3989 verborum
1085 3926 1383 4007 circumscriptioni-

1594 3639 1615 3734 t

135 4028 207 4102 bus,
231 4027 339 4109 quales
361 4026 446 4106 apud
470 4024 666 4100 Ciceronem,
690 4025 863 4100 Gaesarem,
884 4026 1010 4090 Livium
1034 4027 1227 4101 invenimus,
1249 4027 1382 4089 audien-

135 4138 181 4192 tes
215 4128 412 4209 impellerent
444 4133 476 4187 et
508 4125 595 4206 quasi
629 4127 824 4207 abriperent,
857 4127 926 4202 sed,
959 4135 993 4190 ut
1014 4136 1085 4190 ante
1110 4127 1192 4202 dixi,
1215 4127 1382 4208 exquisitis

135 4229 239 4292 verbis
274 4236 306 4290 et
337 4228 485 4290 brevibus
518 4227 679 4308 acutisque
712 4227 878 4290 sententiis
912 4229 1001 4310 quasi
1032 4228 1126 4290 ferire
1157 4226 1278 4290 animos
1313 4235 1381 4292 stu-

135 4331 251 4393 debant
274 4338 305 4390 et
326 4327 563 4390 admirationem
589 4347 724 4390 movere.

216 4431 326 4511 Neque
348 4448 422 4491 vero
446 4428 686 4492 concinnitatem
714 4430 804 4493 modo
828 4437 860 4493 et
881 4430 1021 4512 argutias
1044 4429 1099 4490 sed
1122 4427 1217 4490 etiam
1239 4429 1381 4493 brevita-

136 4539 197 4592 tem
220 4531 343 4594 Plinius
365 4535 500 4592 sectatus
524 4537 572 4592 est
593 4530 747 4612 praecipue
770 4531 801 4592 iu
825 4532 917 4594 rebus
941 4528 1153 4592 describendis
1176 4530 1226 4592 vel
1248 4551 1380 4595 narran-

138 4632 202 4704 dis,
224 4632 313 4694 velnt
334 4631 386 4694 ubi
409 4632 447 4692 de
469 4630 680 4711 pravitatibus
702 4639 876 4712 temporum
899 4630 990 4704 dicit,
1012 4629 1065 4692 ubi
1081 4649 1150 4692 cum
1165 4630 1379 4714 indignatione
