3226 5332
232 526 235 532 1
313 449 353 506 De
375 450 436 507 vita
458 452 486 505 el
509 449 666 506 elocutione
687 450 717 506 0.
741 449 826 504 Plinii
848 448 950 504 Oaecilii
972 443 1098 506 Secundi.
1274 455 1332 512 165

85 627 115 702 8,
136 624 186 701 26,
208 624 238 701 6,
264 624 349 705 cujus
378 625 435 687 loci
461 631 562 688 tamen
587 622 677 706 paulo
700 623 828 686 aliaest
851 621 954 707 ratio).
996 621 1071 690 Era
1092 632 1212 705 etpost
1233 646 1335 690 emen-

85 729 234 791 dationem
266 725 395 790 liberum
421 727 505 788 nobis
533 727 580 788 vel
601 723 757 809 publicare
779 725 826 786 vel
848 725 996 792 continere
1019 726 1046 799 l,
1066 725 1097 802 8,
1119 727 1148 788 3.
1189 724 1337 792 Liberum

85 838 126 892 est
151 829 255 890 amicis
278 829 326 888 vel
347 827 450 888 eadem
476 827 578 909 facere
603 827 650 888 vel
672 825 731 887 alia
753 826 783 900 3,
802 826 828 900 l,
843 825 872 888 8.
896 827 924 896 3,
940 825 969 898 8,
984 826 1013 888 4.
1035 826 1066 901 8,
1084 827 1132 902 18,
1148 828 1175 888 3.
1198 826 1227 901 9,
1244 827 1292 903 19,
1307 831 1335 892 5.

84 931 159 992 Ρο0.
183 929 232 992 24.
269 927 353 1010 (Jarn
376 929 454 1008 apud
477 929 545 990 Liv.
568 929 618 1001 32,
634 926 719 1000 32,8
741 926 804 988 haec
826 925 935 988 locutio
957 935 1058 989 exstat
1079 938 1110 990 01
1130 929 1210 1007 apud
1232 927 1336 1014 post).

85 1031 198 1092 Vereor
220 1038 254 1092 ut
275 1030 314 1091 sit
334 1029 410 1091 satis
431 1049 597 1110 congruens
619 1048 697 1090 nunc
719 1028 820 1088 eadem
842 1027 894 1088 illa
915 1027 1112 1104 sectaril,8‚
1131 1023 1176 1092 17.
1199 1033 1228 1105 2,
1245 1032 1293 1104 12,
1307 1033 1336 1094 4.

84 1133 114 1206 3,
135 1130 165 1206 8,
187 1132 216 1192 2.
238 1130 268 1202 4,
290 1129 319 1205 9,
344 1128 389 1192 19.
415 1131 463 1205 10,
489 1128 547 1190 118
569 1127 672 1213 (119),
695 1130 723 1189 2.
746 1130 821 1190 Ρο0.
844 1128 893 1190 38.
920 1127 1009 1210 (Tac.
1032 1128 1108 1191 Gall.
1130 1128 1224 1214 Dig.).
1261 1134 1338 1194 Pro-

85 1243 148 1312 pter
170 1229 351 1310 Reisigium,
374 1231 423 1311 qui
445 1231 475 1292 in
497 1230 606 1292 scholia
620 1231 684 1292 suis
708 1228 798 1314 (Pag.
814 1227 892 1312 558)
915 1229 1033 1304 docuit,
1055 1231 1234 1292 locutionem
1256 1233 1337 1296 illam

85 1332 302 1394 ”necessarium
331 1332 415 1392 esse”
442 1351 501 1392 000
527 1331 654 1392 inveniri
677 1330 734 1391 nisi
756 1330 859 1391 addito
882 1329 1000 1405 dativo,
1033 1350 1155 1406 moneo,
1188 1333 1270 1394 illam
1293 1335 1338 1396 lo-

85 1434 232 1496 cutionem
265 1442 297 1494 01
328 1433 408 1513 apud
440 1433 571 1493 Plinium
604 1442 634 1494 et
662 1431 741 1512 apud
771 1431 845 1492 alios
874 1432 1034 1511 scriptores
1055 1433 1131 1494 satis
1154 1435 1338 1514 frequentem

85 1555 148 1596 esse
171 1534 263 1596 etiam
287 1551 347 1594 non
370 1533 473 1594 000110
496 1533 608 1594 dativo.
652 1531 865 1594 Necessarium
892 1533 1004 1594 credidi
1026 1531 1196 1609 elaborare,
1222 1543 1256 1596 01
1278 1544 1337 1600 cet.

84 1639 111 1709 3,
132 1634 162 1710 9,
186 1635 234 1696 14.
278 1631 496 1696 Necessarium
517 1643 564 1696 est
585 1633 664 1696 milti
685 1654 704 1695 a
726 1641 756 1694 te
779 1634 942 1713 aquilegem
968 1634 1015 1708 10,
1037 1628 1077 1695 37
1101 1632 1184 1720 (46),
1206 1635 1235 1696 3.
1278 1637 1338 1697 Vi-

85 1738 134 1798 des
168 1755 256 1818 quam
290 1735 490 1797 necessarium
514 1735 615 1820 fuerit
647 1734 835 1797 consulatum
869 1753 927 1795 000
960 1755 1099 1796 recusare
1126 1737 1202 1798 Pan.
1225 1734 1274 1798 64.
1297 1737 1336 1800 al.

84 1837 159 1921 (cfr.
183 1837 246 1898 010.
269 1836 298 1898 0.
322 1835 373 1898 Or.
398 1836 426 1908 l,
449 1836 500 1910 24,
525 1837 593 1897 112.
615 1836 682 1898 Liv.
705 1836 755 1908 21,
778 1834 827 1910 58,
851 1832 896 1917 6).
941 1831 1031 1918 Coepi
1063 1857 1145 1918 sequ.
1175 1837 1228 1899 inl.
1256 1857 1336 1918 pass.

84 1939 206 2018 legitur:
239 1936 369 1998 Constat
390 1937 454 2014 jam
481 1936 618 1998 desolata
644 1937 758 2016 templo
785 1938 915 2020 coepisse
940 1935 1086 1999 celebrari
1119 1939 1166 2012 10,
1188 1937 1229 2001 96
1252 1932 1335 2023 (97),

86 2040 131 2101 10.
174 2037 313 2100 110101οῐ1
336 2037 414 2118 exigi
436 2038 513 2119 quod
536 2034 639 2098 deberi
660 2057 718 2099 non
741 2046 792 2100 tuo
815 2038 922 2100 saeculo
944 2047 1080 2120 coeperat
1100 2040 1174 2102 Pan.
1196 2039 1237 2101 40
1252 2037 1290 2123 ¹).

162 2187 337 2276 Perfectum
358 2185 502 2273 infinitivi
523 2187 619 2248 minus
641 2187 752 2250 usitate
774 2189 948 2268 adjungitur
969 2190 1078 2266 verbo,
1104 2191 1181 2271 quod
1204 2199 1251 2252 001
1272 2211 1336 2253 me-

83 2290 170 2352 mini:
196 2292 245 2353 lta
270 2297 349 2352 certe
379 2307 416 2348 ex
442 2285 629 2358 Quintiliano
651 2289 773 2351 audisse
794 2291 918 2352 memini
938 2291 967 2366 2,
992 2292 1041 2366 14,
1063 2290 1092 2354 9.
1121 2291 1182 2354 cfr.
1207 2293 1234 2368 l,
1256 2292 1285 2366 8,
1306 2293 1335 2355 3.

83 2393 111 2466 3,
133 2393 182 2467 20,
208 2393 233 2453 1.
267 2393 341 2452 Ρο0.
364 2384 457 2472 671).
501 2390 606 2469 Neque
634 2389 754 2452 silentio
777 2391 824 2452 hic
853 2391 1036 2455 omittendus
1059 2400 1105 2454 001
1126 2392 1222 2456 locus:
1256 2390 1336 2463 Quin

84 2494 173 2555 etiam
206 2493 235 2553 in
269 2489 459 2552 testamentis
492 2488 579 2552 debes
604 2489 762 2553 adnotasse
789 2485 818 2566 7,
841 2492 891 2566 20,
914 2490 942 2553 6.
976 2491 1136 2578 (Nonnulli
1164 2493 1227 2555 sine
1249 2513 1339 2556 00000

83 2594 179 2657 locum
207 2593 312 2654 volant
339 2600 465 2654 mutare.
506 2590 567 2653 cfr.
591 2589 653 2653 010.
676 2592 767 2653 Rosc.
795 2593 865 2654 Am.
889 2586 938 2666 27,
953 2587 1003 2655 73.
1052 2594 1175 2656 ”Debeo
1203 2593 1339 2658 vicisse.’'

83 2695 156 2757 Tac.
171 2694 252 2756 Dial.
269 2693 318 2758 24.
366 2693 483 2756 ”Tuum
514 2692 693 2772 promissum
714 2692 888 2755 immutasse
910 2713 969 2755 non
992 2693 1109 2768 debet'’‚
1131 2715 1218 2777 quem
1242 2697 1338 2759 locum

83 2797 214 2876 Draeger,
236 2794 389 2880 l.l.1Pag.
412 2792 448 2854 51
474 2792 488 2874 d
513 2792 572 2854 150
594 2792 756 2873 laudavit).

164 2943 340 3032 Iafluitious
362 2943 476 3024 positus
498 2942 618 3004 videtur
639 2962 692 3022 pro
712 2943 876 3028 gerundia,
909 2944 966 3008 nisi
995 2945 1076 3008 locus
1098 2955 1255 3030 corruptus
1277 2958 1339 3027 est,

83 3047 114 3107 id
136 3048 214 3128 qnod
237 3055 325 3125 putat
346 3045 468 3124 Ussing,
491 3044 545 3106 1.1.
568 3044 642 3124 Pag.
658 3045 707 3107 23.
751 3047 903 3108 Habuisse
921 3045 1119 3131 privilegium
1141 3059 1171 3112 et
1194 3052 1338 3114 vetustis·

83 3148 190 3210 simum
220 3167 332 3210 morem
363 3145 487 3208 arbitrio
515 3164 570 3206 suc
599 3146 810 3226 rempublicam
833 3147 1050 3210 aduriuislrare
1073 3149 1121 3223 10,
1142 3145 1182 3212 47
1204 3148 1288 3236 (56),
1311 3153 1338 3216 1.

85 3246 168 3331 (Non
193 3248 318 3310 multum
340 3247 378 3308 ab
400 3246 456 3308 hoc
479 3246 543 3308 loco
565 3247 725 3328 discrepat,
747 3249 825 3330 quod
847 3249 956 3330 legitur
978 3251 1058 3330 apud
1079 3251 1147 3314 Liv.
1169 3254 1199 3326 2,
1220 3251 1270 3329 53,
1292 3252 1337 3338 5).

166 3399 218 3464 Ad
241 3407 405 3461 extremum
432 3399 562 3460 fortasse
594 3401 887 3463 commemorandum
916 3410 964 3464 est
996 3422 1075 3474 nom.
1105 3425 1130 3466 e.
1164 3403 1222 3486 inf.
1255 3405 1337 3485 posi·

84 3511 147 3565 tum
170 3520 248 3574 esse,
269 3499 320 3564 ubi
343 3507 537 3580 exspectatur
559 3522 619 3563 aee.
640 3523 663 3564 0.
679 3501 748 3582 inf,
770 3503 865 3564 velut:
887 3503 978 3564 Modo
1001 3503 1156 3566 nuntiatus
1182 3515 1225 3568 eet
1245 3506 1337 3570 Silius

84 3603 208 3666 Italicus
229 3601 330 3662 inedia
349 3599 454 3678 finisse
476 3600 570 3662 vitam
592 3602 623 3678 3,
645 3597 675 3677 7,
700 3603 763 3686 13).
796 3605 857 3666 Olr.
879 3601 958 3666 Sum
979 3605 1058 3668 alter
1079 3605 1166 3668 alteri
1188 3603 1259 3690 quid
1280 3627 1337 3689 pa·

84 3712 183 3768 000001
203 3700 331 3765 iudicati
352 3698 382 3775 6,
404 3699 434 3776 5,
457 3699 486 3763 6.

166 3853 341 3944 infinitivus
361 3851 538 3927 historicus,
561 3852 611 3934 qui
635 3851 754 3928 dicitnr,
782 3873 1007 3938 nonnumquam
1035 3856 1114 3937 apud
1136 3855 1264 3920 Plinium
1286 3857 1333 3922 in-

132 4105 150 4174 ¹)
174 4109 226 4162 Clr.
239 4125 300 4177 quae
317 4109 350 4161 de
369 4110 421 4163 hac
438 4126 467 4162 re
481 4108 622 4172 Riihnast,
646 4108 663 4161 1.
679 4108 696 4162 1.
708 4108 776 4180 Peg.
798 4108 868 4170 251,
887 4109 1045 4180 disputavit.
1080 4109 1163 4174 Quasi
1178 4111 1335 4180 praeteriens

84 4198 168 4258 addo,
192 4195 352 4250 Sallustium
376 4212 491 4266 semper,
520 4201 633 4263 excepto
667 4211 721 4248 uno
751 4197 809 4249 loco
833 4197 905 4267 (Jug.
931 4195 980 4259 27,
1007 4196 1044 4258 1),
1078 4197 1189 4250 formam
1218 4198 1333 4254 activam

85 4283 163 4353 hujus
198 4282 273 4335 verbi
306 4283 437 4336 infinitivo
470 4299 541 4352 pass.
564 4282 728 4352 adjunxisse.
762 4283 813 4337 010.
838 4284 915 4337 Tusc.
942 4285 967 4346 1,
992 4281 1040 4345 13,
1064 4282 1103 4337 29
1127 4301 1198 4337 0000
1220 4285 1334 4358 legitur:

84 4371 215 4424 ’'tmctare
237 4370 409 4438 coepissent.”

127 4468 150 4540 ²)
173 4473 224 4528 Gir.
246 4473 365 4544 Kn'iger,
392 4467 915 4538 ’11101.00000001.”ἓ473,3003.
951 4470 1043 4524 Haase
1064 4472 1099 4525 ad
1122 4471 1235 4547 Reisigii
1257 4478 1332 4533 acho·
1450 4493 1453 4498 ·

85 4559 133 4624 las,
154 4561 216 4615 Not.
240 4559 311 4614 454.
354 4559 479 4630 Madvig,
500 4557 575 4613 ”Lat
597 4557 791 4626 Sprachlehre'’
812 4555 830 4628 ᾗ
853 4555 924 4620 408,
940 4556 965 4611 b.
986 4561 1056 4611 Ann.
1074 4557 1101 4612 2.

129 4657 153 4732 ³)
176 4665 228 4720 Clr.
250 4663 378 4735 Madvig,
400 4664 475 4718 ”Lat
497 4661 679 4732 Sprachlehre
700 4658 718 4731 5
740 4662 812 4726 400,
836 4679 856 4716 0.
879 4666 950 4716 Anu.
