3226 5332
393 439 433 492 De
455 439 515 494 vita
536 440 564 493 01
587 439 742 494 elocutione
763 439 792 496 0.
816 439 901 494 Plinii
922 437 1024 494 Oaecilii
1045 436 1171 492 Secundi.
1348 437 1406 492 175

244 607 288 670 Et
319 629 372 690 pro
404 611 553 692 particula
584 611 739 692 temporali
772 611 901 692 ponitur,
932 621 967 675 ut
998 611 1078 691 apud
1110 609 1187 673 000.
1213 610 1249 670 Β.
1272 608 1305 671 0.
1328 609 1357 683 3,
1379 605 1410 681 9,

161 710 192 773 8.
212 711 251 773 01.
290 711 365 774 Sall.
390 713 458 774 Liv.
484 720 600 792 poetas.
649 713 789 774 Nondum
823 733 916 774 00000
948 711 1184 793 quattuordecim
1216 711 1410 790 impleverat,

162 821 189 873 el
209 811 273 891 jam
299 811 342 874 illi
370 814 458 875 anilis
481 813 638 894 prudentia
660 812 689 886 5,
713 813 761 888 16,
783 816 812 874 2.
845 813 906 876 cfr.
930 814 958 883 3,
983 810 1031 885 16,
1053 811 1081 874 9.
1104 812 1134 885 5,
1157 812 1195 872 13
1218 809 1300 894 (14),
1321 808 1352 872 8.
1380 808 1411 884 6,

162 913 212 987 20,
235 910 264 975 6.
306 913 371 975 Vix
392 915 630 989 consideremus,
652 924 679 977 et
701 933 761 977 nox
782 914 811 989 6,
832 915 882 988 20,
906 913 954 975 14.
974 908 1005 988 7,
1026 908 1078 987 27,
1103 913 1150 974 13.
1173 906 1202 985 7,
1224 912 1274 984 33,
1296 908 1325 972 7.
1354 907 1411 994 (Η.

161 1033 187 1075 0.
210 1033 238 1074 v.
260 1021 296 1087 et,
317 1014 391 1094 Peg.
415 1015 501 1099 482).
1302 1055 1306 1064 -

243 1128 287 1191 Et
308 1130 388 1194 dum.
432 1133 549 1212 Magnis
582 1132 750 1195 nominibus
782 1151 870 1213 pares
903 1151 935 1192 se
965 1130 1095 1205 facient,
1119 1138 1146 1192 et
1171 1129 1246 1191 dum
1266 1136 1411 1191 recusant

163 1232 238 1294 Pan.
260 1231 312 1294 84.
355 1233 401 1294 Tu
432 1243 460 1296 et
491 1233 564 1295 dum
591 1234 702 1314 accipis
730 1233 861 1295 meruisti
883 1233 960 1294 Pan.
982 1230 1031 1294 64.
1060 1229 1176 1316 (Hand.
1199 1239 1227 1292 et
1253 1230 1327 1310 Peg.
1349 1229 1407 1292 521

161 1331 271 1412 injuria
295 1342 394 1412 negat,
416 1334 508 1396 latine
531 1334 589 1396 dici
611 1344 638 1396 et
658 1335 732 1396 dum
746 1330 785 1419 ¹).

242 1446 288 1510 Et
307 1448 443 1512 creceium.
485 1447 530 1512 Et
551 1450 677 1513 necdum
704 1448 738 1534 (i.
761 1470 786 1512 e.
809 1444 956 1531 nondum)
981 1448 1143 1529 imperator
1165 1467 1231 1510 eras
1263 1447 1341 1510 Pan.
1364 1448 1412 1510 14.

160 1546 205 1610 Et
225 1549 352 1612 necdum
375 1552 411 1612 de
434 1550 552 1613 biennio
574 1552 679 1634 loquor
700 1552 775 1613 Pan.
798 1548 847 1612 56.
874 1549 960 1634 (Tac.
983 1549 1048 1612 001.
1070 1548 1186 1611 Pallad.
1222 1549 1264 1610 Η.
1276 1548 1413 1621 necdum,

161 1651 234 1730 Peg.
260 1650 327 1714 148.
369 1652 501 1732 Draeger,
524 1652 542 1713 l.
565 1651 585 1714 1.
606 1653 679 1732 Peg.
701 1653 751 1713 40.
794 1650 893 1722 Quum
916 1649 1042 1714 necdum
1063 1649 1098 1734 (1.
1121 1669 1146 1712 e.
1168 1647 1315 1732 nondum)
1337 1649 1413 1728 legi·

161 1761 210 1812 tur
232 1752 310 1832 apud
332 1751 421 1814 Varr.
444 1752 483 1815 lt.
505 1753 544 1814 R.
570 1752 597 1825 l,
617 1753 669 1826 23,
691 1753 735 1835 3).

243 1865 289 1928 Et
315 1869 412 1930 minus
441 1870 551 1931 usitate
579 1871 700 1950 ponitur
721 1879 789 1951 post
809 1869 1029 1950 imperativum.
1063 1868 1229 1931 Circumfer
1253 1869 1364 1943 oculos,
1386 1878 1413 1931 et

162 1976 317 2030 occurrent
338 1967 369 2044 9,
393 1971 441 2045 11,
466 1971 491 2032 1.
536 1971 635 2046 Το00,
657 1970 867 2044 Caecubum
889 1991 1023 2044 cursum,
1044 1979 1072 2034 et
1093 1970 1267 2050 probabitur
1295 1969 1413 2051 experi-

163 2078 264 2132 mento
287 2078 344 2132 cet.
377 2072 453 2133 Pan.
475 2070 525 2132 43.
557 2070 616 2156 (Η.
638 2079 665 2133 ct
685 2072 758 2152 Peg.
781 2071 868 2155 485).

244 2167 289 2232 Ε1
320 2172 425 2233 abesse
453 2182 558 2234 contra
590 2173 832 2235 consuetudinem
865 2171 1043 2252 optimorum
1077 2171 1253 2254 scriptorum
1286 2172 1413 2234 videtur.

162 2271 260 2334 Erant
281 2272 377 2334 multa
398 2272 564 2335 clarissima
584 2273 704 2353 ingenia
726 2267 754 2349 7,
776 2273 827 2346 20,
848 2275 877 2335 4.
911 2271 1055 2354 (Kriger,
1078 2271 1376 2345 ”Lat.Grammat.”,
1398 2272 1413 2354 §

162 2366 234 2446 297,
258 2374 284 2435 l.
324 2372 408 2435 Loco
429 2373 481 2434 illo
503 2374 564 2437 (lic.
587 2374 683 2436 Acad.
708 2376 736 2449 l,
759 2373 789 2449 6,
810 2376 860 2449 23,
889 2394 975 2455 quem
999 2375 1098 2436 Hand.
1121 2393 1145 2436 s.
1162 2393 1189 2435 v.
1211 2381 1238 2434 et
1258 2373 1330 2454 Peg.
1350 2369 1413 2435 476

162 2472 280 2547 0110111,
303 2493 382 2536 0000
404 2475 509 2554 legitur
530 2475 708 2538 ”multorum
732 2475 994 2558 magnorumque.”

245 2569 383 2658 Qua-quc
416 2594 468 2655 pro
496 2584 567 2638 et-et
592 2576 708 2639 dicitur.
751 2572 890 2660 Quosque
912 2576 1101 2656 repudiasset
1122 2594 1252 2659 quosque
1273 2575 1415 2655 gessisset

162 2673 246 2749 8,6,
270 2675 316 2738 14.
349 2673 457 2761 (Apud
478 2684 586 2756 poetas
617 2685 647 2738 et
678 2676 796 2739 Livium
825 2678 899 2739 satis
928 2678 1064 2757 frequens
1092 2686 1138 2739 est
1160 2676 1208 2739 hic
1229 2695 1308 2739 usus.
1352 2675 1414 2738 Co-

162 2777 244 2856 piose
272 2776 308 2838 de
335 2797 391 2840 000
412 2777 568 2857 particula
589 2798 646 2862 que
672 2779 751 2859 apud
776 2778 908 2841 Plinium
931 2777 1096 2858 disputavit
1118 2775 1244 2852 Geisler,
1266 2776 1413 2858 Philolog.

163 2876 203 2938 10
223 2877 328 2958 Jahrg.
354 2876 458 2960 1855).

243 2975 422 3062 [dt-quoquc
454 2978 681 3060 conjunguntur.
724 2980 872 3042 Cantetur
899 2979 989 3041 etiarn
1015 2988 1042 3042 et
1067 2999 1086 3040 0
1107 2977 1223 3042 Graecis
1245 2997 1364 3063 quoque
1384 2972 1414 3053 7,

160 3079 192 3153 4,
204 3077 233 3141 9.
256 3078 331 3163 (Η10
352 3099 425 3142 0000
447 3099 465 3141 0
486 3079 567 3142 Livii
590 3089 681 3144 01010
704 3080 752 3143 hic
773 3081 835 3144 illic
852 3079 1013 3142 invenitur.
1035 3080 1169 3160 Draeger,
1184 3079 1202 3141 l.
1218 3078 1237 3140 l.
1259 3080 1333 3161 Peg.
1344 3075 1413 3163 40).

244 3176 366 3264 Quoque
397 3180 428 3242 in
454 3181 607 3244 sententia
634 3181 772 3261 negative
800 3182 839 3243 ab
862 3181 998 3243 omnibus
1019 3181 1214 3261 scriptoribus
1235 3199 1302 3242 raro
1324 3179 1413 3260 poni·

160 3287 218 3342 tur.
261 3281 322 3343 Mei
343 3301 460 3365 quoque
481 3303 630 3366 nusquam
651 3282 801 3346 salubrius
823 3284 933 3362 degunt
954 3281 983 3356 5,
1005 3281 1034 3354 6,
1056 3280 1105 3343 46.
1128 3280 1159 3356 9,
1180 3276 1210 3356 7,
1235 3278 1265 3344 1.
1309 3279 1413 3364 (Drae-

160 3399 223 3460 ger,
244 3381 297 3443 1.1.
318 3382 392 3462 Peg.
404 3382 454 3444 40.
477 3383 538 3446 Gir.
552 3383 627 3447 Caes.
642 3384 678 3444 B.
690 3383 730 3447 G.
750 3382 780 3458 5,
801 3384 852 3459 52,
877 3381 908 3445 1.
936 3383 971 3444 Β.
988 3381 1021 3445 0.
1046 3380 1078 3458 1,
1100 3381 1131 3458 5,
1155 3380 1187 3458 1,
1207 3382 1260 3444 ubi
1282 3381 1412 3444 ”etiam”

160 3481 191 3542 in
214 3481 353 3562 negativa
375 3484 527 3546 sententie
548 3486 678 3564 positum
701 3485 773 3567 001).

243 3579 367 3668 Quoque
388 3583 407 3645 1.
423 3604 447 3645 s.
464 3605 491 3666 q.
514 3582 573 3658 uel,
594 3585 682 3661 aueo,
704 3585 815 3670 aptum,
838 3605 922 3666 quem
946 3603 1032 3646 usum
1055 3591 1201 3666 argenteae
1223 3582 1324 3646 010110
1347 3603 1412 3646 0000

159 3684 319 3764 proprium,
342 3685 503 3747 affirmavit
525 3686 654 3766 Deering
676 3688 713 3748 ad
735 3687 814 3749 Plio.
829 3687 887 3766 Ep.
909 3680 984 3760 3,7,
1002 3682 1054 3759 15,
1076 3685 1127 3748 ubi
1148 3685 1269 3765 legitur:
1297 3684 1414 3747 Metui

160 3783 272 3848 caritas
294 3795 413 3861 evocat,
435 3794 469 3847 ut
490 3796 658 3848 currentem
680 3807 797 3871 quoquc
818 3787 966 3866 instigem.

243 3983 401 4049 Particulc
422 3985 467 4050 uel
489 4008 555 4049 cum
572 3988 727 4072 precipue
749 3987 889 4050 adverbio
911 3986 1109 4068 conjungitur,
1130 3994 1165 4048 ut
1186 3986 1265 4066 apud
1287 3982 1413 4054 Quinti-

158 4085 281 4148 lianum.
324 4087 360 4149 Id
392 4096 424 4150 tu
457 4108 523 4150 cum
556 4088 723 4152 incredibili
756 4089 886 4170 quadem
912 4089 1066 4149 suavitate
1094 4105 1261 4148 sermonum
1284 4083 1414 4147 tumaci

153 4187 397 4372 {Zaemefffim
418 4189 592 4270 adsequeris
612 4190 643 4266 4,
665 4191 694 4264 3,
714 4192 744 4252 2.
771 4189 800 4263 5,
822 4190 853 4264 3,
874 4188 903 4252 6.
931 4185 961 4263 6,
986 4185 1037 4263 12,
1059 4187 1088 4250 3.
1116 4183 1234 4271 (Hand.
1245 4186 1411 4271 precipue,

208 4307 235 4368 g.
258 4287 345 4350 530.

208 4467 226 4538 Ι)
247 4475 290 4530 De
323 4475 460 4546 particula
490 4455 516 4529 et
547 4491 598 4544 pro
629 4477 713 4529 011000
744 4478 834 4546 posita
866 4478 913 4532 cfr.
936 4473 1127 4548 Nagelsbach,
1161 4475 1178 4527 l.
1202 4473 1220 4529 l.
1249 4475 1317 4545 Peg.
1342 4473 1413 4530 246.

158 4557 297 4632 Seyffert,
318 4563 377 4617 Pal.
400 4563 452 4618 010.
474 4564 542 4633 Pag'.
566 4561 614 4617 83.
639 4562 687 4618 29.
720 4564 810 4620 Hand.
833 4582 853 4618 s.
877 4582 915 4629 u,
945 4563 1012 4634 Peg.
1035 4560 1108 4624 499,
1130 4577 1219 4629 sequ,
1240 4561 1414 4632 meximeque

69 4705 73 4714 ¹
158 4651 263 4712 Anien,
286 4649 303 4703 l.
326 4649 344 4704 l.
364 4650 434 4722 Peg.
459 4649 509 4714 34,
532 4665 606 4719 sequ.
