3226 5332
253 445 312 501 130
742 445 769 500 J.
792 444 824 500 P.
846 443 1015 516 Lagergren.

249 635 305 700 pro
327 635 377 691 eo,
398 617 477 698 quod
500 623 547 680 est
568 619 648 699 apud
671 616 844 681 0155555555
867 624 900 680 et
921 616 1070 680 Caesarem
1093 615 1262 692 ''accidere,
1295 616 1503 698 procumbere,

250 717 394 799 projicere
416 737 449 780 se
479 717 518 780 ad
546 736 657 799 genua,
691 719 783 801 pedes
805 719 960 797 alicujus.'’
994 717 1105 781 Socrus
1128 735 1195 780 mea
1216 716 1358 780 aduoluta
1380 716 1503 798 genibus

250 838 287 883 55
310 838 427 899 agerem
449 821 606 882 obsecrare
629 820 658 894 1,
681 819 730 894 18,
752 820 781 883 3.
825 817 994 882 Aduolutus
1015 818 1141 900 pedibus
1164 817 1194 892 9,
1216 820 1266 893 21,
1290 819 1316 882 l.
1350 815 1477 905 (Post).

332 917 432 1004 Apere
452 918 583 1005 aliquem
604 939 657 1002 pro
678 941 728 996 eo,
754 923 835 1002 qnod
864 927 913 984 est
934 920 1056 1001 ”partes
1078 919 1204 998 alicujus
1227 919 1344 1000 agere’',
1367 920 1504 984 usitatis-

249 1019 355 1084 simum
389 1030 436 1084 est
470 1022 548 1103 apud
580 1031 726 1104 argenteae
757 1022 858 1086 aetatis
891 1021 1063 1103 scriptores.
1114 1019 1195 1083 Sunt
1221 1022 1272 1103 qui
1296 1023 1502 1084 detunctorum

248 1141 365 1204 quoque
388 1121 498 1187 amicos
520 1131 612 1210 cpont
636 1125 663 1198 l,
687 1118 736 1198 17,
761 1124 786 1186 1.
813 1125 843 1198 3,
868 1120 921 1198 16,
943 1121 972 1186 6.
994 1121 1024 1196 8,
1048 1121 1102 1196 14,
1124 1121 1153 1184 5.
1175 1120 1210 1196 9,
1235 1121 1284 1197 15,
1305 1123 1335 1184 3.
1358 1123 1436 1185 Ρ55.
1457 1121 1503 1187 15.

248 1221 298 1288 56.
327 1217 377 1287 76.
405 1223 455 1286 85.
483 1223 533 1287 93.
573 1223 651 1310 (015.
679 1224 743 1288 015.
769 1225 855 1286 Fam.
880 1226 915 1297 2,
936 1222 966 1300 9,
991 1224 1018 1286 l.
1067 1220 1141 1306 ”Egi
1174 1242 1278 1286 omnes
1307 1223 1375 1286 illos
1403 1225 1504 1286 adole-

248 1333 382 1398 scentes,
402 1344 476 1406 quos
497 1325 547 1390 ille
570 1326 710 1390 actitat.''
737 1325 805 1388 Liv.
828 1324 879 1399 45,
901 1325 952 1400 25,
973 1328 1004 1389 2.
1047 1324 1179 1388 ”Lenem
1202 1324 1361 1406 mitemque
1383 1335 1504 1388 senato·

248 1445 311 1489 reru
332 1425 410 1506 egit'’
424 1425 463 1509 1).

330 1525 480 1611 Amplectr'
505 1528 525 1590 i.
548 1547 572 1592 5.
595 1547 623 1610 q.
645 1527 772 1613 clepere.
815 1528 922 1610 Cogito
944 1525 1042 1590 locum
1066 1527 1177 1592 exedra
1198 1536 1229 1590 et
1250 1524 1417 1608 porticibus
1438 1548 1502 1590 um·

244 1623 335 1714 plauti
357 1628 405 1702 10,
427 1622 468 1691 70
489 1623 573 1714 (75),
596 1631 625 1692 3.
648 1628 755 1714 (Verg.
777 1628 872 1712 Lim).

328 1724 491 1814 Ampliure
522 1730 602 1812 apud
635 1731 764 1811 optimos
797 1731 959 1813 scriptores
986 1736 1149 1810 usurpatur
1170 1730 1199 1793 in
1223 1731 1312 1794 rebus
1335 1729 1501 1792 forensibus

245 1829 349 1893 eadem
371 1831 595 1912 significatione,
618 1851 678 1914 qua
699 1831 860 1912 ”judicium
876 1831 1022 1907 differre’',
1043 1831 1097 1892 sed
1112 1832 1192 1914 apud
1206 1831 1340 1894 Plinium
1355 1831 1503 1910 significat

244 1929 264 1994 i.
287 1949 315 2015 q.
337 1951 462 2019 cupere,
490 1917 685 2022 ampliatione.
728 1933 775 1997 De
797 1931 974 2019 ampliando
995 1949 1118 1996 numero
1140 1931 1338 2014 gladiatorum
1363 1931 1502 1996 consule-

245 2031 351 2098 bamus
382 2035 459 2098 Pan.
482 2033 531 2097 54.
572 2035 633 2098 Cir.
661 2036 734 2116 Ipsa
766 2035 874 2099 civitas
907 2032 1067 2120 amplietur
1101 2033 1150 2110 10,
1171 2028 1213 2097 70
1235 2028 1323 2119 (75),
1348 2034 1376 2097 1.
1410 2032 1500 2122 (Hor.

244 2132 337 2199 Auct.
359 2134 396 2198 Β.
417 2133 503 2218 11155.
525 2135 603 2200 Ρ115.
627 2137 698 2218 maj.
721 2135 807 2200 Suet.
829 2138 966 2200 Monnm.
987 2133 1182 2217 Ancyrsuum
1204 2135 1297 2199 Klotz
1319 2131 1481 2221 laudavit).

328 2233 460 2322 Aperire
492 2255 605 2300 anuum
637 2237 772 2312 Plinius,
806 2237 970 2318 Vergilium
994 2236 1119 2321 (Georg.
1144 2237 1173 2312 1,
1195 2230 1272 2322 217)
1294 2247 1432 2312 secutus,
1464 2239 1500 2301 ds

244 2338 416 2400 consulibus
438 2337 632 2419 magistratus
654 2339 832 2403 adeuntibus
847 2339 934 2406 dixit.
963 2336 1098 2418 Contigit
1113 2337 1239 2419 privatis
1253 2338 1375 2423 5555155
1390 2357 1500 2403 annum

243 2437 321 2502 Pan.
343 2437 393 2501 58.
427 2437 516 2524 (Τ55.
539 2437 620 2502 8151.
644 2439 718 2503 silv.
741 2441 770 2514 4,
794 2441 823 2514 1,
844 2438 890 2524 2).

327 2537 446 2624 Aptare
466 2559 520 2621 pro
542 2559 587 2615 eo,
609 2542 685 2622 quod
707 2549 754 2603 551
775 2540 1012 2613 accommodare,
1030 2559 1156 2624 555555,
1179 2540 1299 2606 1151155.
1327 2538 1500 2627 Quae(per·

243 2636 334 2724 sona)
361 2641 407 2704 its
433 2641 570 2726 5515515
591 2652 654 2717 551,
686 2654 721 2705 51
742 2644 912 2724 perferatur
934 2642 962 2716 l,
984 2643 1033 2717 23,
1054 2642 1085 2704 5.
1127 2642 1223 2706 lubet
1244 2642 1421 2706 liburnicam
1443 2663 1499 2727 ap-

243 2740 306 2802 tari
337 2740 367 2814 6,
392 2741 440 2816 16,
462 2737 492 2807 7.
535 2742 632 2806 Arma
664 2744 785 2808 moenia
810 2743 889 2806 51555
911 2751 1018 2829 optant
1038 2743 1117 2805 Pan.
1140 2743 1189 2806 18.
1213 2741 1321 2828 (Verg.
1345 2744 1402 2808 05.
1424 2745 1498 2807 Η55.

242 2841 309 2903 Liv.
330 2850 409 2923 post.
452 2845 513 2907 Per
534 2844 761 2908 translationem
783 2844 845 2909 015.
868 2845 897 2908 1.
920 2843 970 2908 05.
993 2847 1023 2917 3,
1044 2843 1096 2919 40,
1121 2844 1180 2910 162
1201 2844 1293 2908 dixit:
1321 2847 1409 2908 ”Hoc
1430 2864 1499 2907 ver·

243 2943 314 3004 bum
337 2951 383 3005 est
404 2945 442 3006 ad
464 2944 494 3008 id
516 2953 668 3026 aptatum,
690 2947 769 3028 quod
791 2953 862 3010 aute
885 2941 1047 3029 dixerat”).

327 3040 440 3108 5151555
471 3046 592 3127 5555515
617 3047 833 3127 significatione
855 3053 1025 3129 usurpatur.
1068 3047 1112 3109 Τ5
1135 3045 1264 3110 maxime
1287 3055 1401 3112 5515551
1421 3046 1499 3108 Ρ55.

244 3144 295 3206 23.
317 3142 422 3229 (Lucr.
443 3147 520 3210 Plin.
543 3145 614 3226 maj.
637 3148 717 3211 Cels.
741 3148 804 3211 051.
827 3146 892 3234 51).

328 3242 462 3310 Aeaeae
490 3248 743 3329 exscriptoribus
766 3269 862 3313 555555
884 3250 986 3313 aetatis
1007 3250 1088 3313 solus
1111 3248 1273 3313 Sallustius
1295 3268 1347 3330 per
1368 3248 1499 3312 transle-

244 3344 356 3408 tionem
379 3346 514 3428 posuisse
536 3350 664 3425 videtur,
686 3371 810 3433 eumque
831 3350 948 3414 Plinius
970 3360 1090 3415 secutus
1103 3351 1192 3414 dixit:
1215 3350 1400 3431 Respublica
1416 3348 1500 3412 55515

245 3447 414 3528 sumptibus
446 3447 625 3513 atterebatur
656 3449 685 3524 9,
708 3453 759 3525 33,
784 3452 831 3514 10.
875 3453 940 3514 Ν55
965 3452 1030 3532 jam
1059 3450 1241 3534 splendescit
1262 3451 1347 3526 lima,
1372 3451 1426 3514 sed
1454 3458 1500 3511 at-

245 3546 352 3610 teritur
375 3546 482 3634 (opus)
504 3549 534 3626 5,
559 3552 597 3613 10
619 3551 700 3635 (11),
722 3553 752 3613 3.
780 3551 877 3638 (Ρ115.
900 3553 971 3632 maj.
995 3552 1101 3624 Quint.
1124 3553 1196 3616 Tac.
1219 3552 1304 3616 0551.
1328 3553 1413 3616 8551.
1435 3547 1499 3635 ab).

328 3645 483 3725 Adultera,
505 3671 565 3733 qua
587 3671 659 3714 voce
681 3652 811 3715 maxime
833 3661 930 3734 podtae
952 3655 1072 3717 51115.
1095 3654 1141 3717 usi
1162 3662 1248 3727 suut,
1269 3654 1349 3735 apud
1370 3652 1504 3716 Plinium

245 3767 300 3830 per
330 3751 559 3814 translationem
591 3753 683 3816 variis
715 3754 812 3816 modis
845 3755 974 3834 ponitur.
1022 3755 1197 3818 Orationem
1223 3763 1287 3817 tam
1314 3754 1506 3816 summittere

246 3868 333 3930 qnam
356 3849 645 3929 511511555155513,
669 3855 718 3929 13,
740 3856 769 3917 4.
791 3854 822 3930 5,
846 3851 894 3930 17,
915 3857 945 3918 2.
988 3857 1087 3919 Debet
1108 3864 1211 3918 orator
1232 3852 1327 3918 attolli
1349 3852 1379 3929 9,
1400 3852 1451 3928 26,
1471 3854 1506 3915 2.

245 3951 319 4012 Haec
338 3959 371 4014 tu
393 3971 453 4034 qua
476 3953 674 4029 miseratione,
697 3975 757 4038 qua
779 3956 864 4037 copia
886 3956 1020 4032 deflebis,
1042 3957 1173 4030 ornabis,
1194 3952 1506 4029 5115115519,33,11.
1600 4021 1602 4028 ‚

246 4050 305 4122 Qui
339 4050 545 4140 (consulatus)
568 4055 627 4117 sibi
648 4056 708 4118 tuis
730 4057 841 4118 umeris
862 4054 957 4119 attolli
978 4065 1009 4119 51
1031 4076 1190 4137 augescere
1211 4057 1331 4152 videtur
1352 4056 1429 4118 Pau.
1451 4050 1507 4118 57.

244 4151 373 4216 Animos
395 4153 506 4217 attollis
532 4156 608 4220 Pan.
630 4157 680 4219 44.
704 4156 862 4242 (Felicitas
884 4156 1067 4242 temporum)
1089 4159 1197 4221 bonam
1221 4155 1435 4220 conscientiam
1458 4155 1507 4216 ci-

244 4253 327 4316 vium
349 4262 466 4318 tuorum
490 4257 529 4318 ad
551 4277 636 4321 usum
659 4257 853 4339 indulgentia
875 4267 935 4322 tuae
956 4268 1102 4340 provocat
1122 4269 1153 4322 et
1173 4256 1280 4322 attollit
1302 4258 1352 4333 10,
1377 4257 1415 4320 12
1436 4250 1504 4340 (7)

244 4354 321 4520 gum
340 4356 520 4529 ss{uroximulm
547 4377 684 4441 campum
707 4359 829 4440 pulvere
851 4357 998 4424 5115115555
1018 4361 1095 4424 Ρ55.
1121 4359 1168 4423 14.
1191 4358 1300 4445 (Verg.
1321 4358 1389 4421 Liv.
1412 4358 1502 4438 Prop.

272 4474 318 4520 55.
372 4457 446 4522 5151.
467 4459 533 4543 5.).

244 4598 443 4614 m

294 4668 312 4746 Ι1
335 4673 426 4735 511555
447 4680 576 4735 assumta
597 4677 631 4733 ds
654 4691 706 4736 usu
728 4677 809 4754 hujus
832 4677 908 4734 verbi
930 4676 1082 4752 1155515511
1103 4679 1202 4747 Krabs,
1225 4681 1243 4740 l.
1258 4679 1277 4738 l.
1299 4695 1320 4737 s.
1343 4695 1369 4739 5.
