3264 5332
413 471 454 526 De
475 471 585 527 tritaet
606 470 762 526 elocutione
782 467 812 524 (l.
835 469 920 525 Plinii
941 468 1043 525 Caecilii
1064 468 1190 524 Secundi.
1391 469 1427 524 13

181 641 280 705 missis
312 644 479 706 sententias
511 643 608 706 inesse
634 643 740 723 plenas
761 640 926 704 immodicae
948 640 1128 704 adulationis
1150 660 1185 702 ac
1207 659 1293 720 paene
1315 640 1430 704 servilis

181 763 250 823 erga
270 742 435 823 Trajanum
456 753 487 805 et
508 743 638 806 Nervam
661 743 842 804 reverentiae.
885 741 931 803 At
952 745 1077 822 primum
1099 742 1260 804 virtutibus
1280 743 1431 821 Trajanus

180 863 316 924 magnam
339 845 385 907 sui
408 845 544 907 omnihus
567 844 796 906 admirationem
817 843 936 921 injecit,
963 843 1068 906 deinde
1090 842 1222 916 Plinius,
1250 843 1358 924 quippe
1381 843 1431 924 qui

180 943 304 1006 flexibili
332 947 433 1008 animo
456 955 549 1019 esset,
583 944 668 1007 facile
690 944 821 1006 assuevit
842 945 1074 1006 dominationem
1098 944 1262 1024 principum
1285 944 1430 1017 tolerare,

181 1045 341 1108 dummodo
362 1047 404 1122 is,
428 1046 478 1128 qui
500 1046 656 1109 obtinebat
676 1045 849 1126 imperium,
872 1064 937 1106 cum
961 1045 1119 1106 clementia
1140 1053 1170 1106 et
1192 1044 1380 1107 humanitate
1400 1045 1430 1106 in

181 1147 260 1209 cives
288 1157 448 1210 exerceret
491 1146 539 1209 Ac
561 1148 625 1208 sine
648 1147 738 1209 dubio
760 1145 855 1207 omnis
881 1165 951 1225 spes
977 1145 1106 1207 Plinium
1137 1146 1317 1209 destituerat
1342 1165 1428 1226 posse

181 1266 320 1328 umquam
342 1247 459 1310 restitui
480 1247 639 1327 pristinum
661 1267 758 1308 rerum
779 1254 892 1308 statum
914 1254 945 1308 et
966 1246 1135 1327 antiquam,
1156 1266 1216 1326 qua
1236 1247 1360 1309 florente
1382 1267 1430 1310 re-

181 1347 302 1429 publica
334 1356 489 1410 ntereutur
520 1348 666 1422 Romani,
699 1348 878 1411 libertatem.
920 1347 1000 1408 Nam
1028 1347 1077 1428 qui
1099 1347 1162 1409 fieri
1184 1349 1298 1427 potuit,
1332 1357 1366 1410 ut
1391 1349 1430 1410 ad

181 1457 299 1510 tantam
321 1469 402 1530 spem
424 1451 607 1538 erigerentur
628 1456 681 1512 aut
702 1448 820 1510 omnino
842 1447 990 1510 libertatis
1006 1467 1106 1509 amore
1121 1448 1325 1511 imbuerentur
1338 1448 1431 1510 animi

181 1549 306 1623 civium,
328 1549 378 1631 qui
395 1551 458 1629 jam
481 1549 595 1631 pridem
625 1549 827 1612 desuevissent
851 1549 951 1611 videre
973 1549 1124 1610 civitatem
1147 1549 1234 1610 anius
1256 1550 1379 1612 arbitrio
1401 1559 1431 1612 et

180 1761 376 1832 tyrannorum
403 1752 612 1826 dilaceratam,
638 1772 703 1814 cum
725 1771 778 1832 pro
797 1751 957 1814 virtutibus
976 1751 1158 1813 haberentur
1173 1751 1287 1813 nefaria
1302 1751 1430 1831 flagitia,

182 1871 247 1914 cum
270 1852 409 1915 omnibus
433 1855 490 1915 fere
513 1852 582 1915 viris
605 1852 740 1914 honestis
767 1861 798 1913 et
824 1852 1039 1914 excellentibus
1062 1851 1221 1933 periculum
1245 1853 1351 1932 capitis
1372 1853 1429 1913 im-

182 1953 322 2026 mineret,
344 1952 438 2035 impia
459 1954 624 2016 delatorum
646 1954 738 2015 turba
758 1953 788 2014 in
804 1953 947 2033 optimum
964 1972 1105 2034 quemque
1120 1962 1151 2014 et
1165 1952 1429 2033 ingeniosissimum

182 2053 276 2115 civem
298 2062 473 2133 grassante,
495 2055 565 2116 dum
587 2054 810 2133 flagitiosissimi
833 2063 863 2115 et
884 2055 1029 2116 teterrimi
1051 2054 1185 2116 homines
1200 2053 1326 2133 gratiam
1348 2054 1431 2134 prin-

182 2153 279 2234 cipum
294 2175 483 2236 summasque
499 2155 661 2235 dignitates
676 2162 885 2236 assequuntur.
907 2155 1082 2236 Torpebant
1096 2158 1216 2216 omnino
1228 2155 1285 2217 hoc
1297 2154 1430 2216 civitatis

181 2262 264 2316 statu
286 2256 376 2317 animi
399 2269 430 2318 et
451 2255 589 2337 quaelibet
609 2256 723 2336 flagitia
744 2275 827 2336 aequo
850 2256 949 2318 animo
972 2256 1036 2336 pati
1051 2257 1210 2318 discebant
1224 2257 1313 2317 cives.
1346 2256 1431 2317 Prae-

182 2363 265 2417 terea
286 2376 343 2418 non
367 2366 414 2418 est
435 2357 553 2419 silentio
577 2359 813 2437 praetereundum
836 2376 893 2419 non
917 2357 1018 2418 deesse
1041 2358 1070 2419 in
1087 2357 1222 2438 epistolis
1237 2356 1325 2418 Plinii
1342 2356 1432 2429 lucca,

183 2457 231 2537 qui
259 2459 431 2532 ostendant,
452 2477 530 2532 eum,
552 2459 602 2521 ubi
625 2477 699 2538 opus
721 2470 815 2532 esset,
837 2458 912 2519 satis
935 2467 1122 2519 constantem
1145 2459 1252 2532 fuisse,
1274 2458 1359 2520 velut
1380 2458 1430 2520 ubi

183 2558 258 2618 satis
280 2559 425 2620 audacter
444 2559 613 2621 Publicium
636 2559 776 2632 Certum,
798 2567 831 2620 ut
852 2557 1022 2620 Helvidium
1046 2559 1181 2621 Priscum
1204 2559 1312 2639 capitis
1327 2559 1365 2621 ab
1380 2559 1431 2620 illo

182 2667 353 2721 accusatum
377 2659 548 2734 ulciscatur,
581 2660 773 2740 persequitur.
818 2659 866 2722 Ac
898 2679 970 2722 sane
1001 2660 1212 2739 ignoscendum
1242 2669 1289 2722 est
1316 2660 1431 2734 Plinio,

182 2761 259 2840 quod
286 2760 471 2839 temporibus
502 2760 665 2841 prudenter
695 2761 827 2821 serviens
862 2760 992 2822 malebat
1014 2761 1049 2822 de
1071 2761 1121 2822 via
1145 2761 1308 2835 honorum,
1340 2781 1430 2842 quam

181 2861 238 2921 sub
260 2861 434 2923 Domitiano
455 2870 521 2922 erat
543 2862 707 2941 ingressus,
729 2861 869 2923 decedere
891 2861 1008 2942 otioque
1023 2881 1054 2922 se
1069 2862 1203 2936 tradere,
1226 2863 1430 2944 potiusquam

156 2997 158 3002 .
181 2961 342 3023 temeraria
362 2961 509 3023 libertatis
530 2961 732 3023 ostentatione
754 2963 829 3024 iram
852 2962 1015 3042 susciperet
1040 2962 1120 3023 illios
1135 2963 1273 3024 immanis
1289 2964 1384 3025 beluae
1400 2971 1432 3024 et

180 3062 341 3141 periculum
364 3062 470 3142 capitis
493 3063 589 3125 obiret
610 3063 648 3124 ob
669 3063 882 3144 rempublicam
905 3081 1021 3144 quoquo
1044 3062 1130 3124 modo
1151 3077 1335 3126 corruentem
1358 3083 1432 3146 quo-

181 3162 309 3243 tidieque
331 3163 524 3226 desidentem.

264 3262 364 3344 Supra
396 3265 456 3326 dixi
484 3265 615 3327 Plinium
643 3265 674 3326 in
698 3264 830 3326 amicitia
852 3264 940 3326 fuisse
962 3283 1027 3325 cum
1051 3264 1121 3326 viris
1143 3265 1221 3327 illius
1244 3266 1343 3329 aetatis
1366 3287 1432 3330 ma·

179 3363 259 3425 xime
292 3364 424 3444 egregiis.
467 3364 550 3428 Satis
579 3367 636 3428 erit
664 3366 833 3427 nominasse
861 3365 1001 3428 Tacitum
1016 3364 1045 3451 ¹)
1072 3375 1103 3428 et
1125 3367 1300 3430 Suetonium
1314 3369 1359 3449 ²),
1392 3369 1431 3430 ad

181 3483 253 3545 quos
288 3466 455 3545 complures
488 3467 633 3547 epistolas
663 3467 797 3547 scripsit,
832 3466 1001 3528 Martialem
1015 3466 1061 3550 ³),
1094 3468 1200 3531 Silium
1232 3466 1431 3553 Italicum⁴)‚

179 3563 399 3635 Quintilianum
413 3562 458 3650 ⁵),
489 3568 595 3648 quihus
621 3567 692 3628 addi
714 3577 839 3648 possunt
861 3567 1029 3629 Vestricius
1051 3566 1256 3654 spurinnat),
1288 3571 1431 3634 Caninius

180 3666 277 3728 Rufus
290 3663 336 3751 Ἰ),
356 3666 465 3729 Arrius
486 3668 658 3730 Antoninus
673 3668 717 3753 ⁸),
740 3668 891 3748 Vergilius
913 3668 1068 3731 Romanus
1081 3669 1126 3753 ⁹),
1148 3670 1301 3734 Voconius
1316 3672 1431 3733 Roma·

180 3787 236 3829 uus
250 3763 307 3851 1⁰).
340 3767 455 3829 Horum
477 3768 658 3850 aliorumque
675 3769 883 3831 excellentium
905 3769 1032 3831 virorum
1048 3770 1186 3833 amicitiae
1202 3781 1233 3834 et
1248 3770 1430 3835 consuetudo

180 3866 268 3929 simul
301 3887 366 3929 cum
398 3867 503 3930 innata
535 3870 662 3950 quadam
692 3869 783 3931 animi
811 3869 964 3932 hilaritate
987 3870 1121 3954 (tautum
1145 3873 1222 3934 enim
1244 3874 1365 3944 aberat,
1397 3879 1431 3931 ut

180 3969 295 4030 Plinius
327 3968 422 4030 tristis
444 3977 526 4031 esset
547 3989 582 4032 ac
604 3989 755 4043 morosus,
788 3979 822 4032 ut
850 3980 956 4033 contra
978 3973 1079 4034 omnia
1099 3974 1227 4035 innoxiae
1249 3971 1430 4034 remissionis

179 4088 287 4149 genera
305 4069 587 4155 amplecteretur¹¹)
606 4071 725 4132 beatam
738 4071 932 4134 reddiderunt
943 4071 1037 4134 vitam
1051 4073 1151 4138 Plinii.
1174 4074 1318 4154 Supremo
1330 4081 1431 4135 autem

180 4170 298 4232 cumulo
320 4170 452 4233 felicitas
474 4171 537 4251 ejus
559 4180 605 4234 est
625 4178 734 4247 aucta,
756 4191 823 4234 cum
845 4172 875 4235 in
899 4173 1119 4237 matrimonium
1142 4174 1280 4237 duxisset
1302 4174 1431 4255 Calpur·

229 4353 255 4425 1)
282 4357 307 4419 r,
331 4357 357 4410 a.
383 4359 409 4420 1,
434 4358 532 4422 aaa,
559 4359 605 4414 13.
630 4359 658 4423 c,
682 4359 709 4414 e.
734 4361 762 4424 c,
789 4361 835 4415 ro.
860 4362 887 4424 c,
911 4359 958 4416 20.
983 4362 1010 4425 r,
1035 4362 1082 4415 ao.
1107 4361 1134 4424 r,
1160 4361 1208 4415 33.
1232 4359 1260 4424 s,
1286 4359 1312 4416 r.
1337 4361 1431 4424 aro.

223 4435 248 4511 ²)
274 4446 299 4506 1,
326 4442 371 4498 ra.
396 4443 423 4508 3,
448 4445 474 4499 a.
499 4447 525 4509 5,
553 4448 599 4501 ro.
623 4447 651 4509 e,
675 4446 723 4501 aa.
819 4440 842 4515 3)
866 4447 894 4510 3,
919 4448 967 4502 21.
1060 4442 1188 4514 4)3,τ.
1282 4441 1430 4517 auca

224 4521 249 4597 ⁶)
273 4531 301 4594 2,
325 4530 350 4584 r.
374 4529 403 4594 a,
429 4532 454 4586 1.
478 4532 506 4596 3,
533 4535 580 4588 ιο.
677 4527 699 4601 ²)
727 4534 793 4599 aa.
818 4534 845 4597 2,
862 4535 889 4590 e.
913 4535 941 4599 e,
958 4533 984 4587 r.
1009 4534 1036 4594 e,
1054 4532 1102 4595 21,
1127 4534 1154 4596 r,
1176 4533 1220 4591 rs.
1245 4533 1272 4598 a,
1289 4536 1316 4590 4.
1340 4536 1432 4599 aaa.

224 4608 259 4736 81)1
267 4616 370 4771 )4,513ἐ
389 4617 481 4757 ⁵il5'
567 4614 592 4689 a)
609 4621 738 4685 c,21‚2.
831 4618 879 4690 10)
907 4625 930 4683 ι,
956 4621 981 4674 5.
1005 4618 1033 4681 a,
1053 4618 1099 4674 13.
1124 4620 1151 4684 c.
1169 4621 1218 4677 aa.
1242 4622 1270 4688 e,
1287 4623 1314 4678 a.
1338 4626 1366 4688 e,
1383 4621 1442 4678 28.
