3226 5332
235 430 294 488 142
729 431 755 486 J.
778 430 810 485 Ρ.
833 429 1002 502 Lagergrsu.

316 599 545 687 superfundere
572 603 694 683 propria
718 603 936 682 significatione
958 603 1071 667 dictum
1094 608 1151 662 est.
1195 602 1314 666 Tiberis
1336 603 1491 666 demissio-

234 703 316 767 ribus
338 704 410 784 ripis
433 703 494 767 alte
517 701 748 787 superfunditur
768 703 799 778 8,
823 699 870 779 17,
894 706 922 767 1.
945 704 975 779 9,
997 707 1048 779 33,
1070 701 1099 764 9.
1121 701 1196 785 (04.
1218 703 1286 768 Liv.
1309 703 1415 787 post).

110 843 113 854 .
316 801 536 888 Superponere.
579 804 765 887 Apodyterio
787 805 1008 890 superpositum
1029 813 1075 867 est
1097 802 1332 884 sphoeristerium
1355 803 1385 878 5,
1400 804 1431 879 6,
1446 801 1493 870 27.

234 903 306 990 (04.
330 905 396 969 Liv.
420 902 525 989 post).

318 1003 476 1090 Suscipere
508 1005 628 1088 propria
660 1005 876 1086 significatione
907 1006 1033 1069 dieitur:
1066 1005 1157 1088 Aqua
1182 1016 1319 1093 suscepte
1348 1027 1495 1071 marmora
1573 1091 1581 1098 .

235 1105 362 1170 albescit
383 1107 412 1182 5,
434 1107 463 1182 6,
484 1106 533 1170 24.
557 1105 613 1183 36;
640 1116 730 1190 etque
752 1109 830 1170 10444
854 1108 914 1171 iere
934 1107 1099 1188 significat,
1122 1106 1343 1194 quodfuleire:
1364 1109 1497 1174 Fulturae

234 1227 271 1271 ae
292 1208 542 1282 substructiones,
564 1208 670 1290 quibus
692 1209 818 1272 subinde
840 1209 1004 1293 suscipitur
1026 1207 1210 1294 (theatrum)
1236 1209 1282 1286 10,
1305 1208 1347 1272 39
1369 1207 1452 1295 (48),
1468 1212 1496 1275 2.

237 1305 342 1393 (Luor.
365 1309 458 1390 Verg.
481 1309 572 1390 Prop.
596 1305 700 1393 post).

317 1407 506 1494 suspendere
533 1429 586 1492 pro
615 1429 664 1484 44,
690 1411 767 1492 quud
790 1417 838 1472 est
859 1409 1006 1474 incertum
1028 1409 1169 1484 reddere,
1193 1410 1312 1475 dieitur.
1356 1412 1419 1476 Diu
1442 1413 1498 1476 mi·

235 1529 332 1572 seram
354 1511 562 1592 expectatione
584 1511 739 1594 suspendit
760 1513 791 1585 2,
812 1512 862 1583 20,
885 1512 913 1574 3.
936 1509 1008 1596 (04.
1031 1520 1110 1591 post.
1132 1512 1193 1576 Cir.
1216 1512 1284 1576 Lir.
1307 1511 1357 1588 39,
1381 1512 1431 1587 29,
1455 1514 1498 1596 1).

320 1609 427 1674 Terere
449 1613 467 1674 i.
490 1631 515 1674 a.
537 1631 564 1694 q.
579 1609 788 1696 frequentare.
831 1611 932 1674 Unam
955 1612 1094 1674 semitam
1117 1621 1211 1675 terere
1235 1614 1263 1687 1,
1284 1614 1335 1688 24,
1356 1613 1386 1676 4.
1425 1616 1498 1677 Ina-

234 1733 371 1777 aoeusum
393 1712 539 1794 superbiae
562 1712 728 1796 principum
752 1713 848 1776 locum
872 1721 965 1777 terere
988 1714 1065 1777 Pan.
1078 1711 1127 1776 65.
1150 1713 1366 1777 curando.
1390 1713 1496 1801 (Lacr.

234 1813 327 1895 Verg.
350 1811 408 1878 ov.
430 1813 504 1878 Hor.
527 1811 593 1898 41).

321 1913 455 1999 Torpere
475 1933 529 1998 per
550 1901 779 1980 translationem
809 1914 928 1979 dieitur.
972 1915 1068 1979 Iidem
1091 1923 1208 2002 torpere
1229 1917 1374 1982 militaria
1396 1918 1497 1982 studia

235 2015 409 2100 gaudebant
435 2015 511 2080 Pan.
542 2014 589 2080 18.
616 2015 699 2102 (Liv.
744 2015 907 2082 Sallustius
935 2013 1022 2104 (041.
1046 2014 1100 2093 16,
1122 2018 1156 2080 3.
1179 2019 1250 2101 Jug.
1272 2021 1302 2095 2,
1323 2016 1362 2104 4)
1392 2020 1494 2084 eadem

234 2117 454 2201 significatione
476 2117 553 2182 dixit
574 2115 770 2202 torpescere).

322 2215 484 2284 Umeseere.
521 2218 659 2283 Vidimus
674 2228 851 2284 umescentes
868 2219 970 2283 oeulos
988 2229 1055 2282 tuos
1067 2219 1144 2284 Pan.
1157 2216 1207 2284 73.
1230 2219 1339 2307 (Verg.
1352 2217 1495 2307 Pallad.).

325 2317 487 2398 Venerari,
520 2321 599 2403 quod
632 2321 712 2400 apud
745 2320 875 2402 optimos
908 2321 1069 2402 scriptores
1098 2323 1245 2405 praecipue
1269 2325 1441 2408 ponebatur
1461 2327 1495 2386 04

235 2421 292 2486 0114
314 2421 362 2484 441
385 2421 422 2486 04
444 2423 534 2484 rebus
556 2421 681 2496 divinis,
703 2423 782 2503 apud
804 2429 910 2503 potitae
933 2431 965 2485 et
986 2423 1167 2504 posteriores
1182 2423 1344 2505 scriptores
1359 2429 1494 2506 1444444-

235 2523 345 2587 terite
367 2523 505 2605 usurpari
527 2531 666 2603 coeptum
688 2533 749 2597 est,
771 2532 804 2586 ut
826 2524 973 2586 diceretur
995 2524 1113 2586 omniuo
1135 2544 1189 2606 pro
1211 2544 1262 2598 44,
1284 2527 1364 2608 quod
1383 2536 1431 2590 est
1446 2545 1494 2590 eo·

235 2622 311 2697 lere,
327 2622 467 2698 reuereri,
489 2623 654 2686 observare.
697 2624 838 2687 Potitioen
861 2623 1079 2705 religiosissime
1100 2645 1224 2688 ueneror
1245 2627 1275 2700 3,
1301 2625 1349 2701 15,
1372 2628 1401 2689 2.
1435 2627 1493 2690 014.

235 2725 265 2799 3,
287 2720 317 2796 7,
337 2724 367 2788 8.
389 2726 419 2801 4,
442 2724 493 2800 28,
514 2725 544 2788 2.
567 2719 597 2799 7,
619 2725 670 2799 31,
692 2723 721 2787 5.
744 2725 819 2788 Ρ44.
834 2725 885 2789 28.
923 2723 1035 2792 Omnes
1058 2725 1107 2807 qui
1129 2726 1239 2807 aliquid
1261 2727 1291 2790 io
1315 2729 1425 2792 studiis
1445 2728 1493 2790 la-

210 2863 217 2880 ,
235 2826 320 2889 41441
340 2825 478 2890 uenerari
498 2825 590 2890 etiam
613 2825 771 2908 mirarique
793 2826 873 2890 soleo
895 2826 926 2901 6,
950 2820 998 2900 17,
1020 2824 1048 2888 5.
1071 2827 1144 2890 Ρ44.
1160 2827 1210 2890 33.
1242 2825 1320 2912 (Cir.
1338 2829 1401 2894 014.
1417 2828 1493 2894 Phil.

237 2926 285 3001 10,
306 2929 336 3003 2,
357 2924 403 3013 4).

318 3061 391 3125 Alia
423 3061 517 3128 444114
551 3062 621 3125 4001
653 3071 791 3145 possunt,
825 3065 876 3127 sed
900 3063 1024 3126 forsitan
1044 3062 1107 3143 jam
1132 3065 1235 3128 videar
1256 3062 1366 3126 nimius
1390 3062 1493 3136 inisse,

235 3181 302 3226 4444
336 3164 431 3227 multu
463 3165 554 3228 verba
581 3165 731 3227 attulerim
757 3173 913 3246 potiturum
940 3164 1123 3250 aliorumque
1152 3186 1207 3229 usu
1235 3165 1310 3230 satis
1339 3164 1430 3241 trita;
1461 3171 1493 3226 at

235 3283 301 3326 oum
324 3263 487 3328 invenirem
509 3264 540 3328 in
563 3265 660 3329 lexica
682 3267 841 3329 nonnullos
864 3285 979 3328 errores
1002 3265 1171 3350 irrepsisse,
1200 3286 1324 3350 eumque
1346 3265 1489 3338 riderem,

235 3365 392 3428 multaab
415 3366 573 3429 Holsteniu
597 3367 693 3430 missus
715 3375 854 3430 44444414
877 3387 942 3429 esse
965 3366 1136 3448 disputata,
1159 3387 1217 3430 444
1236 3383 1490 3449 supervacaneum

236 3465 406 3529 existimavi
428 3467 519 3531 etium
547 3469 582 3531 04
604 3468 641 3530 iis
664 3468 776 3542 verbis,
801 3489 866 3550 quae
888 3468 975 3532 aliter
997 3489 1083 3551 posse
1105 3469 1202 3532 omitti
1224 3477 1380 3550 putarem,
1408 3486 1491 3530 men-

234 3565 347 3630 tionem
375 3569 489 3643 l'acere,
522 3578 557 3632 ut
588 3569 660 3632 mihi
691 3568 778 3650 copia
813 3577 894 3632 esset
925 3590 1022 3652 prava
1054 3571 1190 3653 quaedam
1224 3569 1406 3651 corrigendi,
1438 3568 1491 3631 40-

234 3667 324 3730 dendi
351 3669 530 3734 deficientia.

316 3854 592 3933 Quemadmodum,
618 3867 766 3940 utsupra
788 3857 1003 3934 demonstravi,
1025 3859 1118 3921 verba
1140 3855 1320 3938 ''copulata''
1342 3874 1491 3918 nonnum·

235 3975 324 4037 quam
354 3964 506 4039 ponuntur
528 3977 580 4038 pro
604 3959 837 4041 ’'simplicibus''‚
863 3959 907 4023 sio
930 3969 1035 4023 contra
1056 3958 1243 4040 ’'simplicia’‘
1266 3964 1418 4038 ponuntur
1439 3974 1490 4038 pro

236 4057 437 4140 ''copulatis'’,
459 4059 557 4121 velut:

316 4155 505 4223 Crebresoere
518 4179 572 4240 pro
588 4179 634 4234 eo,
655 4161 733 4243 quod
749 4169 796 4224 est
814 4159 955 4224 usitatius
969 4157 1192 4224 increbrescere.
1227 4155 1416 4224 Crebressere
1430 4159 1490 4222 lra-

233 4277 286 4339 gor
307 4255 338 4334 7,
360 4253 461 4334 27,·8.
484 4259 593 4346 (Verg.
616 4258 722 4331 Quint.
745 4263 818 4324 Tac.
841 4260 905 4345 41).
1113 4347 1115 4352 Α

316 4358 434 4445 Lipare
453 4380 507 4442 pro
529 4381 580 4437 eo,
608 4362 686 4443 quod
707 4371 753 4425 est
774 4363 916 4426 usitatius
937 4361 1087 4448 ecilipore.
1132 4361 1171 4425 Se
1193 4381 1259 4424 cum
1282 4362 1391 4426 marito
1413 4359 1489 4444 iipa-

233 4458 276 4522 ait
297 4460 466 4542 abjecitque
488 4462 517 4525 14
541 4462 638 4526 lucum
662 4462 691 4538 6,
713 4463 764 4537 24,
786 4463 815 4525 5.
838 4462 908 4548 (04.
931 4465 1005 4526 Ηο4.
1029 4464 1121 4542 Prop.
1142 4462 1247 4547 poet).

314 4559 432 4626 Ponere
453 4563 492 4626 de
513 4563 580 4627 cibo
603 4563 713 4628 dicitur
733 4582 787 4646 pro
810 4583 861 4638 eo,
887 4565 965 4646 quod
994 4563 1135 4628 usitatius
1157 4573 1205 4626 est
1225 4583 1386 4649 opponere.
1429 4561 1486 4626 04-

231 4660 304 4728 taria
325 4662 397 4728 vilia
417 4671 449 4729 et
470 4663 588 4729 minuta
605 4663 735 4754 ponebat
756 4667 787 4743 2,
808 4661 838 4742 6,
861 4665 889 4729 2.
918 4663 1002 4754 (Oet.
1025 4665 1099 4730 Hor.
1122 4662 1179 4730 04.
1201 4663 1307 4751 post).
1360 4687 1361 4694 ¹
1411 4733 1413 4746 ,
