3226 5332
263 428 322 486 148
755 427 781 484 J.
804 427 835 484 P.
858 427 1026 502 Impergren.

260 599 373 684 Liquet
404 606 503 664 antem
536 597 673 663 omuibus
698 598 787 665 facilc
812 601 890 666 forte
916 600 1047 684 quadem
1068 599 1134 664 fieri
1154 617 1258 682 posse,
1288 605 1324 662 ut
1343 597 1375 662 in
1398 597 1512 663 littera·

261 721 326 766 rum
349 699 547 764 monumentis
569 708 690 764 exstent
711 700 877 781 adJectiva,
906 703 1049 766 adverbia
1069 703 1139 766 inde
1161 702 1252 764 ducta
1274 719 1332 764 non
1354 699 1512 763 invenisn-

262 811 321 878 tur,
353 803 544 884 quamobrem
576 801 678 865 audax
705 802 823 866 videtur
849 803 880 866 in
902 803 1146 887 hacrealiquid
1168 810 1325 884 prouertu
1349 801 1513 878 affirmare,

262 902 428 988 prasertim
452 923 517 968 oum
539 903 570 966 in
593 903 695 968 lexicis
717 904 925 968 adverbiorum
948 905 1025 968 ratio
1047 924 1156 986 magua
1177 903 1291 968 incuria
1312 902 1353 966 sit
1373 911 1513 966 tractatu.

344 1002 498 1069 Adverbis
521 1023 742 1086 nonnumquam
765 1025 818 1089 pro
840 1005 997 1086 ordientivis
1019 1015 1182 1088 ponuntur,
1213 1005 1243 1068 id
1276 1005 1354 1088 quod
1376 1023 1414 1066 ne
1437 1004 1514 1086 apud

262 1112 378 1170 veteres
410 1105 528 1188 quidem
549 1106 710 1188 scriptores
732 1125 831 1172 rerum
853 1115 901 1170 est
913 1106 952 1192 ¹).
994 1107 1110 1172 Canum
1136 1106 1217 1170 σιίια
1239 1125 1320 1168 mare
1343 1103 1373 1179 6,
1396 1104 1447 1178 31,
1470 1099 1514 1168 17.

263 1205 431 1272 Germanica
452 1203 596 1272 innume
616 1206 713 1272 victor
728 1208 771 1270 ibi
790 1207 880 1291 periit
896 1209 926 1283 3,
943 1207 973 1284 5,
991 1207 1021 1272 4.
1068 1205 1210 1292 Undique
1230 1207 1314 1271 silvae
1335 1216 1367 1270 et
1388 1204 1515 1269 solitudo

263 1409 385 1493 perinde
407 1409 537 1494 carptim
558 1419 592 1474 ut
614 1418 755 1474 contexta
777 1411 892 1492 placere
911 1410 943 1486 8,
963 1412 995 1485 4,
1016 1405 1046 1474 7.

344 1509 565 1576 Advcrbiorum
587 1513 699 1575 formas
720 1511 818 1577 miuus
840 1511 969 1576 usitatas
990 1511 1046 1574 hes
1067 1510 1172 1594 putavi
1194 1509 1379 1574 afferendas:

344 1609 484 1700 Difficile
515 1631 569 1696 pro
601 1631 652 1687 eo,
683 1613 762 1694 quod
793 1620 840 1676 est
870 1613 1012 1678 usitatius
1040 1609 1212 1701 difficulter.
1255 1611 1301 1676 Ut
1320 1611 1370 1674 vel
1391 1605 1517 1702 diffidit

262 1712 309 1778 vei
330 1712 419 1776 facite
441 1713 577 1796 componi
598 1713 730 1778 tenerive
751 1721 914 1797 potueruut
934 1711 965 1790 9,
986 1712 1037 1788 36,
1058 1709 1131 1797 2²).

344 1811 528 1880 sublimiter.
560 1815 659 1880 Multa
673 1816 814 1893 teuniter,
836 1817 932 1881 multa
945 1813 1112 1880 sublimiter
1125 1813 1195 1902 (int
1207 1810 1329 1901 scribit)
1344 1812 1376 1890 4,
1387 1808 1440 1889 27,
1455 1809 1516 1900 1⁸).

668 2007 718 2092 tte
740 2009 882 2093 ratione
904 2009 1120 2112 syntactiou

293 2155 295 2164 '
346 2151 394 2218 Ne
414 2150 445 2216 in
467 2152 639 2237 syntecticu
660 2153 779 2237 quidem
802 2153 920 2217 ratione
941 2152 1033 2220 Plinii
1055 2149 1271 2237 perscrutanda
1286 2150 1446 2235 quidquam
1463 2168 1518 2214 an·

264 2254 381 2329 notavi,
413 2253 472 2318 nisi
499 2273 564 2338 quae
593 2263 646 2319 sut
668 2275 687 2318 a
709 2255 924 2319 consuetudine
951 2265 1086 2320 veterum
1108 2255 1286 2337 scriptorum
1309 2253 1518 2330 abhorrerent,

265 2366 319 2421 aut
340 2355 420 2438 apud
442 2375 493 2419 eos
515 2356 613 2420 minus
635 2355 749 2421 usitata
770 2365 884 2433 essent,
904 2355 977 2439 quia
996 2373 1250 2440 supervacaneum
1273 2354 1380 2439 putavi
1401 2373 1450 2420 res
1464 2353 1518 2418 tri·

264 2467 314 2522 tes
336 2467 367 2521 et
388 2457 577 2539 pervolgatas
599 2459 755 2541 attingere.

347 2559 422 2622 Hae
444 2567 545 2622 eutem
568 2560 673 2642 putavi
696 2559 860 2624 afferenda:

349 2657 567 2724 Nominutr'ous
587 2661 682 2725 absol.
705 2661 818 2743 positus
840 2667 998 2724 structura
1019 2659 1079 2735 illi,
1101 2678 1167 2742 quae
1187 2657 1247 2722 abi.
1268 2677 1410 2740 conseqn.
1429 2675 1518 2721 voca·

267 2768 328 2837 tur,
349 2759 564 2843 interponitur:
591 2762 666 2825 Oum
687 2761 718 2825 in
741 2764 857 2826 Tuscos
879 2760 1110 2824 excucurrissem
1133 2768 1272 2842 eccepto,
1300 2767 1335 2822 ut
1354 2759 1519 2846 prosector

263 2859 360 2936 oerari,
392 2870 575 2939 commeatu,
606 2863 698 2944 legati
730 2861 890 2944 provincia
921 2861 1046 2928 Baeticae
1077 2863 1256 2926 advocatum
1289 2879 1338 2925 me
1369 2861 1519 2943 petierunt

264 2959 443 3048 &42Q
1268 2969 1271 2976 '

347 3058 504 3128 Genitiuue
525 3061 707 3149 subjectione.
750 3061 878 3128 Pietatis
899 3073 946 3128 est
967 3072 1050 3128 totus
1071 3063 1099 3139 5,
1124 3061 1172 3141 16,
1193 3063 1223 3128 8.
1264 3062 1348 3128 Talis
1375 3081 1447 3126 usus
1468 3081 1520 3144 ge·

265 3162 352 3228 nitivi
369 3165 433 3246 jam
454 3166 524 3228 inde
546 3185 565 3227 a
585 3165 666 3228 Livii
687 3173 777 3229 atate
799 3165 1054 3247 frequentissimos
1076 3162 1175 3250 enm).

349 3260 483 3330 Genitioi
503 3264 638 3350 objectior'
660 3266 757 3329 miuus
779 3266 896 3329 usitata
911 3268 1049 3348 exempla
1063 3266 1127 3330 haec
1142 3267 1321 3330 efferantur:
1343 3263 1520 3327 Memoriam

266 3364 316 3429 eui
336 3365 365 3441 5,
387 3366 416 3440 5,
438 3367 468 3430 4.
511 3366 676 3449 suffugium
703 3375 757 3431 eut
784 3364 892 3430 imbro
913 3375 967 3430 eut
988 3364 1058 3431 eolis
1079 3366 1109 3442 9,
1131 3367 1182 3442 39,
1203 3369 1239 3441 23
1271 3385 1451 3449 quamquam
1473 3373 1521 3428 ta·

267 3467 310 3530 les
330 3476 489 3531 structuras
510 3467 600 3532 etiam
623 3468 703 3550 apud
727 3475 839 3531 veteres
861 3467 1022 3550 scriptores
1043 3469 1092 3532 hic
1113 3469 1173 3532 illic
1194 3467 1397 3530 inveniuntur.

351 3569 397 3632 De
426 3566 556 3654 punition
583 3568 730 3654 partitive
757 3569 842 3645 vide,
874 3588 940 3650 quae
962 3569 1183 3651 disputavimus
1205 3569 1242 3631 de
1265 3567 1426 3647 adjectivis
1448 3567 1521 3631 sub·

267 3669 467 3732 stantivorum
495 3669 557 3732 loco
585 3670 700 3751 positis.
744 3671 899 3733 Praeterea
925 3670 1215 3734 commemorandum
1247 3680 1295 3731 est
1326 3669 1412 3732 illum
1440 3667 1522 3750 geni-

268 3769 364 3834 tivum
396 3770 533 3852 conjungi
560 3789 627 3834 oum
654 3770 797 3834 adverbio
825 3792 873 3846 eo,
904 3779 939 3834 ut
961 3770 1315 3854 jamspudSa11.Jug.
1339 3770 1368 3845 l,
1390 3771 1419 3833 5.
1441 3769 1472 3844 5,
1494 3769 1522 3830 2.

270 3870 318 3946 14,
341 3872 370 3934 3.
391 3873 460 3936 Liv.
482 3869 533 3946 25,
554 3871 584 3946 8,
609 3871 656 3934 11.
678 3871 729 3946 41,
751 3872 801 3946 23,
824 3871 851 3934 1.
895 3869 929 3935 Si
961 3871 1026 3954 quis
1058 3872 1204 3935 burbams
1233 3889 1286 3934 rex
1306 3889 1339 3933 eo
1360 3868 1523 3936 insomnio

267 3968 443 4058 furorisque
468 3970 644 4054 processerit
671 3971 748 4037 Pau.
772 3972 811 4036 16
823 3969 864 4058 1).
903 3972 964 4037 Gir.
986 3969 1036 4036 Eo
1057 3971 1191 4058 obsequii
1214 3973 1292 4035 Pan.
1311 3969 1362 4034 45.
1405 3968 1523 4035 Eodem

164 4095 171 4114 ·
269 4069 328 4136 loci
348 4073 424 4137 Pan.
450 4073 476 4136 1.

270 4197 469 4214 ...ινα-Μ

319 4251 337 4322 ¹1
360 4257 413 4313 Cir.
435 4258 625 4332 thelsbaoh,
649 4260 666 4313 Ι.
681 4260 699 4313 1.
721 4261 788 4332 Peg.
805 4258 876 4322 202,
898 4275 972 4332 sequ.
1015 4262 1160 4328 Kithnast,
1185 4263 1201 4318 1.
1224 4262 1241 4317 1.
1264 4261 1331 4334 Peg.
1356 4257 1406 4325 52,
1428 4274 1502 4330 sequ.

315 4337 337 4409 ²1
360 4344 411 4399 Cir.
433 4345 525 4409 Neue,
547 4346 598 4400 1.1.
621 4345 678 4400 Zvv.
700 4346 749 4401 Th.
772 4347 841 4420 Peg.
866 4347 936 4402 504.

316 4422 338 4492 ³)
361 4430 412 4485 Gir.
434 4431 528 4495 Neue,
550 4432 567 4487 1.
581 4432 599 4487 1.
620 4432 678 4488 Zvv.
700 4432 748 4487 Th.
771 4434 839 4506 Peg.
864 4434 935 4492 504.

316 4509 339 4579 ⁴)
361 4517 413 4574 cn.
436 4518 629 4592 Nigelsbaoh,
652 4519 669 4572 1.
685 4518 702 4572 l.
724 4519 791 4592 Peg.
817 4519 887 4575 263.

317 4593 340 4669 ⁸)
363 4603 413 4659 Cir.
435 4604 577 4670 Kithnsst,
600 4605 617 4660 1.
633 4604 652 4658 1.
674 4603 740 4678 Peg,
758 4604 806 4672 11,
827 4607 891 4662 Not.
906 4606 956 4664 46.

318 4681 342 4760 ⁰)
363 4688 415 4746 on.
437 4691 560 4765 Droegsr,
582 4693 633 4750 1.1.
655 4691 722 4767 Peg.
746 4692 795 4750 26.
838 4694 935 4760 Haud,
958 4694 975 4750 1.
991 4691 1009 4749 1.
1032 4708 1053 4749 s.
1069 4709 1095 4750 v.
1117 4709 1162 4760 so,
1183 4693 1251 4768 Peg.
1267 4692 1341 4752 419.
